1820 3178
566 151 625 195 m
652 150 847 196 comm
874 152 985 197 cAP.
1019 151 1076 197 11.
1256 207 1271 222 ⁶
1452 155 1543 201 197

109 256 168 290 ἰΙΙο
188 267 221 292 c.
239 257 276 293 5.
320 255 467 291 officinm
489 256 605 292 obibat
623 269 664 292 eo
685 259 839 304 tempore
858 259 1070 305 praecipuum
1091 269 1158 306 quo
1182 261 1280 294 scuta
1302 260 1460 296 coloratis
1489 262 1542 296 in-

108 299 259 346 signibus
279 304 315 336 et
334 301 576 346 aenigmatibus
597 303 731 348 depicta
750 304 816 339 τάπὶ
835 305 1003 350 principes
1023 310 1060 339 et
1087 306 1216 340 nobiles
1244 305 1288 340 ad
1319 311 1459 341 cruenta
1488 307 1542 341 lu-

107 346 268 392 dicraque
287 347 468 382 certamina
489 347 546 381 vel
567 348 609 381 ad
632 349 784 384 solennes
806 356 990 385 conventus
1010 351 1219 386 deferebant.
1265 353 1406 386 ornabat
1434 352 1542 397 impe-

104 391 231 427 ratoris
251 392 400 428 Orientis
420 396 548 427 scutum
571 394 726 429 coccinus
747 394 861 439 color,
883 396 937 430 cui
959 407 1042 431 crux
1062 407 1165 432 aurea
1186 396 1369 431 eminebat:
1402 399 1541 442 angulos

106 436 180 472 sive
208 438 319 483 spatia
348 438 437 472 inter
468 437 577 472 crucis
599 450 708 473 ramos
730 451 879 485 expansa
901 441 998 475 litera
1018 443 1051 476 B
1071 452 1152 476 auro
1166 443 1294 487 pariter
1316 446 1455 477 exarata
1477 443 1540 477 de-

106 483 265 525 corabat,
293 484 345 519 ita
365 488 478 518 tamen
500 490 539 518 ut
559 484 610 518 bia
630 484 674 518 ad
694 485 862 519 sinistrum
881 485 970 521 latus
985 488 1092 532 posita
1112 487 1235 532 gibbos
1258 492 1410 522 verteret
1425 488 1459 522 in
1478 500 1538 522 ex—

103 527 262 563 teriorem
290 533 327 563 et
353 528 520 563 sinistram
541 532 687 574 partem,
720 541 762 564 ac
789 531 923 576 penitus
944 533 1080 567 inversa
1107 533 1294 574 videretur,
1325 538 1362 567 et
1379 537 1538 578 quattuor

104 572 284 626 dictione&
317 585 455 620 quarum
479 574 679 618 singularum
718 578 772 609 est
808 575 965 619 initialis,
1009 578 1190 613 indicarem
1231 575 1401 619 Βασιλεὺς
1430 580 1537 613 Βασι-

97 616 422 654 λεωνᾞασιλεῦον
445 617 667 655 Βασιλεῦσειι
701 620 747 655 ita
774 620 911 656 Marcus
942 623 1120 658 Vulsonius
1148 625 1183 658 in
1211 624 1360 658 Heroica
1382 624 1534 658 scientia.

104 668 144 697 at
172 663 216 698 de
250 663 304 700 bis
329 664 462 700 iterum.
505 665 640 700 consule
674 665 807 700 interim
843 668 1038 712 opusculum
1074 672 1164 703 retro
1206 672 1303 703 notas
1341 674 1536 713 praesentes

103 708 310 753 ponendum,
347 710 384 744 in
418 721 485 755 quo
519 721 585 744 non
615 707 827 754 σκουτὲριον
856 713 916 747 sed
946 711 1166 759 σκουτοέριον
1198 710 1258 759 (ἐκ
1285 714 1351 759 τῆς
1381 711 1537 755 ἀσπίδος

101 754 170 798 τῆς
189 753 374 800 βασιλικῆς
396 753 555 800 λαχόντα
575 751 645 800 τὴν
667 753 794 801 ἀξίαν)
816 757 906 802 lego.

191 810 228 845 ib
244 811 300 845 ’νζ
319 812 356 846 2.
398 808 420 846 ὁ
443 807 656 856 ἄμηρᾶλιος]
685 817 738 847 est
791 812 825 846 ui
860 818 956 858 putet
978 825 1094 849 vocem
1125 815 1255 849 omnino
1278 816 1467 858 Graecam,
1497 820 1534 849 et

102 855 181 899 quia
208 836 323 890 dmin
349 857 563 902 magistratus
601 862 655 891 est
693 869 737 902 ap
827 858 896 903 tio,
936 856 1010 893 α’πό
1041 860 1108 893 τοῦ
1137 857 1301 903 ἁλμυροῦ
1333 864 1368 895 et
1400 857 1536 900 ἅλατος

101 899 196 956 qnasi
223 893 441 945 ἆλρυρᾶλιος
466 903 648 939 formatam.
694 908 729 937 et
750 914 832 937 vere
855 905 1047 949 opusculum
1062 906 1248 950 nuperrime
1260 906 1431 940 laudatum
1446 903 1537 945 ἆλός

88 947 265 990 αλμυροῖν
284 946 544 992 ναυαρχῶντα,
569 948 740 992 almyram
764 949 871 993 salis,
901 949 937 983 id
967 956 1019 984 est
1045 950 1160 992 maris,
1187 953 1399 986 nauarchum
1426 963 1532 996 prae-

164 992 244 1025 ‘tw
275 991 403 1028 scribit.
458 991 551 1026 itane
578 993 628 1026 sal
654 993 762 1038 ipsum
793 994 863 1028 saie
888 995 1120 1035 condiendum,
1151 993 1317 1040 ἁλμυρόν
1338 993 1448 1039 ἅλαςς
1487 1006 1531 1030 an

98 1037 152 1070 sal
178 1037 373 1071 infatuatum
404 1041 474 1078 est,
503 1040 543 1072 ut
569 1038 640 1071 sale
667 1039 846 1083 indigeat?
889 1044 1040 1075 autumat
1072 1042 1158 1075 alius
1186 1042 1360 1077 Arabicam
1383 1041 1481 1076 simul
1495 1046 1532 1075 et

93 1083 290 1126 Graecam,
318 1090 355 1116 et
382 1082 477 1127 quasi
505 1083 588 1117 emir
614 1079 768 1127 ἅλατος,
798 1085 971 1119 domiuum
999 1087 1250 1131 principemque
1277 1088 1382 1128 salis,
1423 1087 1529 1130 signi-

97 1127 222 1170 ficare,
250 1127 331 1162 emir
349 1127 510 1173 siquidem
535 1127 687 1163 dominus
708 1134 762 1164 est
784 1133 819 1164 et
839 1131 1056 1176 praepositus,
1103 1132 1150 1166 ita
1179 1131 1280 1166 sentit
1311 1132 1424 1166 Iunius
1439 1132 1542 1177 apud»

98 1173 308 1207 Gretserum.
365 1183 480 1207 verum
509 1183 582 1207 cum
610 1174 678 1209 alia
705 1174 751 1209 sit
778 1175 946 1216 Arabum,
976 1177 1040 1210 alia
1070 1178 1279 1211 Graecorum
1306 1178 1440 1221 lingua,
1470 1178 1528 1222 qui

97 1218 299 1252 conveniant
324 1218 502 1252 dialectum
532 1218 568 1252 iu
596 1218 720 1254 unam?
775 1222 964 1266 suspicarer
993 1233 1066 1256 esse
1093 1225 1171 1262 τοῖς
1194 1221 1370 1267 ἁλμυροῖς
1391 1222 1529 1266 quibus-

96 1263 228 1308 cunque
260 1267 296 1298 et
317 1261 425 1298 ἅλατι
448 1264 695 1310 praepositum,
723 1266 889 1300 salarium
910 1278 1028 1312 nempe
1055 1269 1243 1312 mancipem
1273 1273 1308 1301 et
1332 1269 1526 1302 salinarum

97 1309 282 1342 cumaem:
311 1309 379 1343 fuit
413 1309 499 1343 enim
531 1308 668 1344 Alexius
697 1311 831 1355 qnidam
862 1313 1086 1357 Hypocaucus
1115 1314 1203 1358 apud
1231 1314 1419 1356 Gregoram
1449 1314 1471 1347 8
1502 1313 1526 1347 6

95 1354 168 1388 τῶν
197 1351 295 1388 ἁλῶν
323 1350 393 1398 τὴν
425 1354 604 1398 διοίκησιν
630 1357 866 1400 ταμιουλκῶν.
917 1369 980 1391 nec
1001 1364 1150 1392 moratur
1169 1359 1288 1402 fidem,
1320 1358 1411 1403 quod
1439 1358 1526 1392 idem

95 1398 298 1433 domesticus
331 1399 434 1434 fuerit
470 1400 684 1435 occiduorum
723 1401 924 1436 thematum:
964 1403 1059 1437 simui
1088 1403 1172 1438 enim
1205 1410 1379 1447 utrumque
1410 1414 1527 1436 munus

94 1444 189 1478 obire
218 1448 361 1490 poterat.
414 1449 450 1479 et
483 1449 575 1479 certe
604 1458 671 1481 vox
700 1446 743 1480 ad
776 1447 892 1481 classis
921 1453 1111 1492 praeturam
1141 1452 1176 1482 et
1199 1449 1426 1492 magistratum
1456 1459 1526 1481 ma-

92 1489 239 1524 ritimum
263 1494 440 1536 spectans,
469 1501 610 1535 eumque
638 1491 696 1536 qui
721 1502 841 1536 magno
872 1492 958 1525 duce
985 1499 1022 1526 et
1050 1493 1166 1527 classis
1196 1494 1372 1537 drungario
1400 1493 1526 1538 primas

92 1535 281 1569 tenentibus
310 1534 356 1568 sit
386 1535 512 1577 minor,
540 1539 581 1568 ut
610 1540 728 1570 auctor
756 1548 787 1570 c.
817 1538 840 1571 5
871 1537 1043 1579 declarat3
1074 1548 1115 1572 ac
1144 1538 1219 1571 mihi
1246 1538 1289 1571 nil
1317 1538 1381 1571 nisi
1404 1537 1526 1572 Arabi-

94 1584 300 1620 canescunt,
331 1584 366 1613 et
388 1590 484 1624 quem
506 1583 590 1615 emir
613 1581 726 1614 halem
747 1581 970 1615 Leunclavius
991 1582 1129 1627 exponit
1153 1583 1186 1616 in
1211 1583 1435 1623 Onomastico,
1462 1583 1524 1616 do-

92 1625 219 1659 minum
233 1626 504 1668 flammeolorum
526 1631 559 1659 et
583 1627 806 1669 vexillorum,
831 1626 892 1670 qui
910 1627 1038 1661 scilicet
1060 1639 1232 1672 supremus
1257 1633 1305 1662 est
1319 1628 1451 1662 sultam·
1465 1639 1522 1662 ve—

92 1671 232 1714 xillffer.
279 1670 430 1703 omnibus
455 1671 576 1704 etenim
599 1671 809 1715 bcglerbegis
837 1676 869 1705 et
893 1673 1130 1716 sauzacbegis,
1163 1684 1236 1706 cum
1259 1678 1435 1714 creantur,
1464 1684 1524 1708 ve-

91 1716 180 1750 xilla
202 1715 354 1760 porrigit
373 1715 542 1749 sultanus.
587 1727 734 1760 mugnus
749 1717 1012 1760 flammeolan‘s,
1048 1724 1195 1762 magnus
1212 1719 1437 1762 flamularius
1465 1718 1521 1751 da·-

91 1762 181 1795 eitur
202 1761 296 1805 apud
320 1761 474 1794 Graecos.
519 1760 553 1794 hi
573 1772 655 1794 vero
679 1773 700 1794 a
727 1761 900 1795 Saracenis
921 1763 1077 1797 nonnulla
1099 1768 1177 1797 sunt
1200 1764 1360 1804 mutuati,
1390 1767 1428 1796 ut
1440 1763 1523 1807 ipsis

90 1806 228 1851 propria
257 1810 439 1850 rapuerunt
475 1804 534 1840 illi.
595 1806 771 1840 ameralius
808 1806 921 1851 itaque
948 1818 1021 1842 cum
1050 1808 1164 1842 classis
1193 1809 1254 1842 sub
1282 1819 1400 1852 magno
1434 1808 1522 1842 duce

89 1856 281 1897 praeturam
311 1851 504 1889 sortiretur,
530 1850 623 1894 regio
651 1851 746 1885 simul
775 1851 897 1885 vexillo
925 1863 986 1886 ceu
1011 1853 1131 1896 insigni
1148 1854 1274 1887 cunctis
1289 1853 1520 1898 conspiciendo

90 1897 296 1938 donabatur,
323 1896 416 1929 cuius
439 1906 533 1929 usum
554 1896 644 1930 haud
666 1907 768 1941 parce
791 1897 951 1930 describit
972 1898 1044 1932 Leo
1068 1899 1100 1931 in
1124 1898 1274 1932 'raeticis
1294 1911 1325 1933 c.
1344 1900 1406 1933 19:
1423 1894 1521 1932 εἶναι

91 1942 155 1976 δεῖ
170 1944 319 1986 σημεῖον
339 1938 530 1984 ΐσταῖμενον
553 1939 593 1975 ἐν
613 1942 668 1988 τῷ
687 1942 739 1987 σῷ
763 1940 934 1986 δρόμωνι,
956 1942 1028 1977 εἴτε
1051 1941 1191 1988 βάνὸον
1213 1944 1284 1978 εἴτε
1305 1942 1520 1987 φλάμουλον

89 1986 163 2022 εἴτε
184 1999 219 2021 τι
242 1985 385 2030 ἕτερον’,
414 1984 467 2025 εἰς
488 1983 603 2021 τόπον
622 1987 842 2030 περίοπτον,
876 1987 939 2020 ἵνα
961 1984 1010 2021 δι’
1032 1985 1146 2022 αὐτοῦ
1177 2000 1198 2023 σ
1222 1987 1415 2033 μαίνοντός
1444 2000 1521 2023 που

89 2031 131 2066 τί
147 2033 211 2066 δεῖ
225 2029 398 2074 πράττειν
419 2028 557 2071 εὐθέως
577 2028 892 2077 ἐπιλαμβάνωνται
913 2033 980 2066 τοῦ
1000 2032 1176 2075 δόξαντος
1199 2001 1306 2078 ἔργου
1331 2031 1370 2068 οἷ
1382 2035 1516 2068 λοιποί.

49 2077 56 2083 ”
89 2088 132 2110 ac
153 2078 303 2121 equidem
325 2077 353 2110 si
378 2081 547 2110 auctorem
568 2077 722 2122 inspicias
754 2090 784 2112 c.
819 2078 840 2112 5
872 2077 1050 2120 scutifero,
1089 2079 1133 2113 de
1168 2090 1234 2124 quo
1267 2090 1374 2124 nuper
1396 2091 1516 2122 Serme,

71 2122 244 2156 ⁴vexillum
266 2121 475 2166 imperatoris
498 2123 752 2156 commendatum
774 2123 996 2163 referentem,
1026 2124 1103 2168 quid
1126 2125 1238 2158 obstat
1259 2136 1325 2169 quo
1339 2125 1446 2159 minus
1461 2125 1520 2158 ille

87 2166 124 2200 in
146 2171 260 2207 terra,
290 2167 345 2200 hic
364 2167 398 2199 in
418 2166 500 2201 mari
520 2168 644 2211 regium
665 2168 821 2202 vexillum
845 2172 926 2202 suae
939 2168 1019 2202 fidei
1035 2170 1242 2204 commissum
1256 2168 1395 2205 teneat?
1428 2180 1518 2203 cum-

88 2223 156 2255 que
173 2212 262 2246 dicat
283 2215 400 2245 auctor
423 2216 623 2256 potestatem
649 2224 777 2247 ornnem
800 2224 873 2247 eum
895 2213 959 2248 sub
982 2225 1100 2258 magno
1130 2216 1214 2250 duce
1243 2215 1424 2260 adeptum,
1453 2226 1518 2258 po·-

89 2257 153 2290 tuit
181 2261 218 2291 et
245 2256 373 2300 regium
402 2256 436 2289 in
466 2256 549 2290 mari
578 2257 733 2291 vexillum
762 2270 899 2302 gerere:
933 2260 1072 2293 eundem
1102 2261 1188 2294 enim
1217 2261 1402 2303 Georgium
1428 2259 1516 2292 inter

89 2306 221 2336 sanctos
249 2301 538 2335 nominatissimum
570 2302 667 2335 modo
695 2303 812 2338 δοῦκα
838 2303 933 2338 modo
969 2304 1232 2350 φλαμουλᾶρην
1258 2311 1361 2338 vocat
1388 2304 1513 2338 Dama-

71 2353 208 2381 'scenus
237 2346 389 2381 studites
417 2346 450 2379 in
477 2347 548 2380 eius
579 2348 660 2383 vita.

178 2403 225 2439 ib.
242 2413 277 2436 v,
297 2403 330 2438 3.
353 2399 374 2435 ὁ
398 2399 456 2436 ἐπὶ
475 2401 548 2435 τῶν
568 2400 740 2448 δεήσεων]
769 2404 945 2449 insignitos
969 2406 1031 2439 hoc
1054 2405 1166 2439 officio
1193 2407 1352 2438 memorat
1373 2404 1514 2437 Nicetas

86 2449 123 2482 in
146 2448 266 2482 Alexio
290 2450 313 2483 2
336 2451 372 2481 et
392 2447 581 2480 Andronico
604 2448 629 2481 l.
651 2450 684 2483 2.
708 2447 846 2493 δεήσεις
864 2455 964 2485 vocat
988 2451 1138 2484 Zonaras
1153 2450 1187 2483 in
1206 2449 1322 2482 Alexio
1337 2446 1512 2504 δεητήρια

88 2490 304 2536 διδακτικοέ,
333 2495 368 2526 et
392 2503 458 2537 qno
487 2503 548 2548 gro
573 2493 657 2526 osito
680 2500 973 2539 praesentarentur
995 2500 1141 2529 enarrat.
1187 2490 1402 2536 τεταγμένας
1423 2492 1510 2537 ημέ-

89 2550 156 2579 ρας
177 2536 352 2581 ὡρίσατο,
376 2534 463 2571 καθ’
485 2550 530 2577 ας
549 2503 660 2572 {ustas
682 2539 860 2584 δημοσίως
879 2538 1122 2583 προυκάθητο
1135 2564 1146 2581 ,
1169 2534 1321 2581 ἀφορῶν
1341 2534 1433 2580 πρὸς
1447 2549 1510 2571 πε-

88 2582 201 2617 διάδα
222 2585 408 2618 πλατεῖαν.
454 2583 507 2629 τῷ
536 2582 742 2631 βουλομένῳ
766 2582 807 2620 δὲ
830 2584 882 2626 εἰς
905 2583 1046 2621 ἐκεῖνον
1067 2582 1232 2626 πάροδος
1251 2581 1512 2627 συγκεχώρητο,

88 2627 151 2662 καὶ
181 2626 328 2668 ἕκαστος
355 2627 429 2662 τῶν
458 2624 639 2671 δεομένων
671 2625 915 2666 ἐπανετείνετο
946 2627 1140 2673 δεητήριον
1174 2626 1385 2662 διδακτικὸν
1420 2624 1510 2662 ὅτου

88 2670 222 2709 δέοιτο.
263 2673 326 2708 καὶ
348 2673 464 2707 ταῦτα
486 2667 642 2708 ἐνώπιον
664 2671 779 2709 αὐτοῦ
807 2674 981 2719 τιθέμενα
1011 2671 1187 2707 ὑπέταττε
1217 2675 1295 2713 τοῖς
1324 2669 1510 2717 ὑπογραμ-

87 2716 302 2761 ματεύουσιν
316 2713 456 2752 ἐπιέναι
479 2716 543 2752 καὶ
565 2719 746 2762 γνωρίζειν
767 2718 868 2767 αὐτῷ
892 2717 957 2760 τὰς
979 2714 1138 2753 ἑκάστων
1154 2715 1323 2761 αἰτήσεις.
1367 2716 1429 2752 καὶ
1446 2715 1511 2751 αὖ·

88 2763 170 2798 τίκα
190 2760 259 2809 τὴν
281 2759 336 2810 ἐφ’
360 2758 498 2810 ἑκάστῳ
520 2760 747 2811 ἀντιγραφὴν
767 2763 985 2812 προσέταττε
1008 2763 1173 2809 γίνεσθαι
1204 2761 1266 2797 καὶ
1299 2760 1509 2808 βεβαιουμέ-
