1864 3164
338 181 436 228 260
556 179 831 225 GRETSERI
848 180 920 224 ET
940 180 1115 225 GOARI
1131 180 1565 229 COMMENTARIUS

339 294 379 332 S.
399 291 518 331 Cruce
536 290 558 330 l.
577 293 595 334 1
620 293 685 335 27.
714 292 862 342 elegans
879 289 981 330 locus
1001 290 1048 330 de
1068 285 1286 345 hyper-pyris
1306 295 1428 332 exstat
1446 292 1550 346 apud
1567 292 1606 332 S.
1631 290 1792 332 Antoni-

341 362 430 388 num
453 353 540 387 tom.
560 350 587 390 3
616 349 758 388 Histor.
786 349 844 386 tit.
879 349 928 388 19
957 361 987 386 c.
1020 348 1046 388 8
1081 345 1103 400 ξ
1131 351 1168 390 3.
1208 361 1323 398 agens
1347 349 1445 387 enim
1471 349 1519 387 de
1545 348 1792 390 Tartarorum

342 406 562 444 immanibus
579 417 771 443 usurarum
788 405 1037 443 exactionibus
1054 405 1107 442 ita
1124 405 1268 443 scribit:
1296 406 1394 444 miles
1412 405 1556 458 quidam
1572 408 1612 445 in
1634 407 1794 457 Georgia

343 464 387 502 de
407 462 604 514 quingentis
614 462 819 513 loyperpyris
838 474 863 499 a
880 461 1044 499 Tartaris
1060 463 1211 513 acceptis
1227 465 1260 500 et
1281 475 1344 514 per
1354 475 1463 501 annos
1483 463 1633 514 quinque
1652 465 1795 502 retentis

344 523 486 558 coactus
501 517 576 569 fuit
594 521 644 557 eis
662 517 802 556 reddere
818 521 943 568 septem
969 517 1070 556 milia
1081 530 1148 570 pro
1164 520 1292 558 usuris.
1329 518 1499 570 quaedam
1522 520 1628 556 etiam
1652 518 1794 559 domina

347 575 542 614 Tartarica
556 586 622 625 pro
644 576 902 626 quinquaginta
918 575 1059 623 ovibus,
1086 587 1173 626 quas
1189 574 1328 612 cuidam
1352 577 1566 613 commiserat
1587 577 1622 613 et
1647 573 1708 613 ille
1727 588 1793 626 per

343 635 468 684 septem
486 643 595 669 annos
612 634 790 680 tenuerat,
814 631 921 682 petiit
933 631 978 668 ab
998 630 1059 668 illo
1071 643 1136 682 pro
1163 633 1281 669 usuris
1296 631 1438 669 illarum
1462 632 1576 670 ovium
1597 629 1794 683 hyperpyra

345 692 469 740 septem
483 686 606 735 milia,
635 699 724 738 quae
739 689 854 726 omnia
874 685 935 724 ille
948 691 1089 725 coactus
1107 689 1158 724 est
1177 687 1306 725 solvere
1321 700 1388 738 pro
1404 699 1527 726 usura.

432 753 660 796 Argenteum,
691 754 732 785 nt
766 753 803 785 et
833 759 975 784 aureum
1015 759 1200 789 nummum,
1237 748 1288 783 ita
1325 749 1461 795 reperio
1493 749 1629 788 dictum.
1665 761 1792 796 argen-

339 802 432 833 teum
463 797 597 844 quidem
630 796 775 831 nondum
803 795 839 830 in
866 795 1042 830 >oblivione
1067 805 1170 841 penes
1196 794 1373 829 hodiernos
1400 795 1615 840 orientales,
1641 798 1680 830 ut
1701 795 1792 842 quod

338 845 447 879 adhuc
474 843 650 889 plurimum
673 842 706 876 in
730 841 844 876 oribus
873 851 987 874 eorum
1015 851 1139 875 sonans
1167 851 1220 874 me
1249 840 1420 875 audivisse
1449 841 1583 875 memini
1591 854 1602 883 ς
1642 841 1794 887 illudque

338 894 392 924 est
416 890 460 923 de
481 900 547 933 quo
570 898 672 932 quam
692 887 762 922 late
786 886 1013 920 Leunclevius
1034 885 1202 923 Pandect.
1224 885 1332 920 Ture.
1356 898 1391 931 p.
1416 889 1481 922 117
1496 885 1651 932 scripsit:
1675 887 1792 922 decem

339 939 401 971 aut
421 933 598 969 duodecim
622 931 785 968 eiusmodi
807 943 972 967 nummum
993 932 1160 976 integrum
1183 931 1408 976 complebunt.
1454 942 1593 966 aureum
1624 932 1698 978 ipse
1726 943 1791 967 au-

337 992 418 1015 reus
440 985 493 1015 est
514 990 685 1021 nummus3
714 978 757 1013 de
780 988 848 1022 quo
874 977 1072 1011 Guntherus
1097 977 1131 1011 in
1156 976 1296 1010 historia
1312 981 1433 1022 captae
1448 977 1615 1023 Cpoleos=
1639 978 1793 1013 solvebat

337 1037 513 1060 nummum
527 1036 669 1059 auream
679 1051 689 1068 ‚
706 1025 765 1069 qui
777 1034 958 1068 perperam
972 1022 1092 1057 vocem·
1104 1023 1189 1057 solet
1199 1047 1208 1063 ‚
1226 1022 1389 1066 ferdoni,
1414 1023 1453 1056 id
1470 1028 1521 1058 est
1535 1028 1683 1068 quartae
1694 1023 1792 1069 parti

337 1083 478 1107 marcae
494 1073 619 1114 unius,
642 1069 873 1114 aequivalens.
917 1079 1096 1114 perperam
1121 1067 1385 1114 pronuntiabant
1411 1068 1543 1110 Latini,
1570 1073 1610 1103 ut
1632 1073 1667 1103 et
1692 1067 1791 1103 hodie

341 1117 468 1152 Graeci
490 1114 678 1158 ne'onvoa:
706 1115 863 1160 iperpera
887 1124 1022 1159 quoque
1043 1112 1178 1159 scripsit
1201 1112 1426 1148 Leunclavius
1449 1125 1492 1148 ex
1517 1113 1605 1148 aliis.
1651 1125 1790 1149 aureum

339 1173 443 1208 porro
466 1162 520 1195 hic
544 1159 684 1204 intelligi
706 1170 834 1204 aequus
857 1159 966 1193 lector
987 1169 1115 1194 mecum
1136 1157 1317 1201 iudicabit,
1342 1158 1401 1204 qui
1422 1159 1491 1194 vile
1514 1158 1661 1205 pretium
1674 1159 1791 1207 primi-

340 1208 432 1243 cerio
457 1206 662 1241 reddendum
686 1215 814 1239 mecum
836 1204 1028 1249 negaverit.

453 1279 492 1316 p.
505 1266 560 1306 32
578 1276 614 1302 v.
634 1267 696 1306 17.
732 1260 969 1316 ρογατόρων]
1010 1266 1189 1311 rogatores
1216 1266 1307 1300 sunt
1339 1262 1471 1301 milites
1500 1263 1686 1314 stipendia
1712 1276 1790 1303 me-

339 1325 486 1371 rentes,
513 1333 537 1358 a
554 1333 663 1370 roga,
693 1321 795 1368 quod
822 1324 881 1357 est
902 1319 1139 1372 stipendium.
1177 1314 1357 1372 ῥογεύειν
1381 1322 1441 1357 est
1465 1320 1642 1370 stipendia
1653 1320 1790 1372 facere.

340 1378 520 1430 accipitur
541 1377 653 1414 etiam
674 1374 774 1440 ρόγα
791 1388 861 1426 pro
886 1375 1062 1413 donativo
1085 1378 1124 1412 et
1143 1375 1360 1424 honorario,
1389 1376 1491 1423 quod
1510 1375 1616 1414 alicui
1640 1388 1716 1414 non
1745 1388 1791 1415 ex

342 1434 470 1472 debito
487 1433 554 1470 sed
573 1445 618 1471 ex
635 1435 758 1482 grana
771 1431 1003 1483 persolvitur.
1029 1430 1189 1468 Suidas:
1211 1426 1309 1485 <5⁶7oe
1327 1429 1357 1483 ἦ
1368 1433 1449 1470 τῶν
1464 1430 1658 1483 βασιλέων
1677 1427 1790 1472 εὗσέ-

342 1492 444 1542 βεια.
471 1502 561 1538 roga
594 1493 645 1526 est
673 1490 916 1538 imperatorum
938 1490 1004 1538 pia
1025 1486 1221 1525 liberalitas
1243 1491 1277 1524 et
1297 1488 1572 1538 magnificentia.
1608 1492 1791 1540 usurpant

339 1547 453 1584 etiam
467 1544 605 1583 Latini.
631 1542 796 1582 Miscella
812 1543 967 1582 historia
986 1543 1023 1580 in
1048 1542 1199 1581 Tiberio
1220 1541 1279 1580 11:
1304 1543 1409 1581 duxit
1435 1543 1676 1582 Anastaeiam
1696 1558 1789 1582 uxo-

339 1615 410 1640 rem
435 1613 556 1648 suam,
591 1604 624 1638 et
654 1601 834 1638 coronavit
867 1611 943 1637 eam
978 1599 1198 1648 Augustam,
1231 1602 1265 1635 et
1301 1601 1450 1637 iactavit
1480 1611 1603 1650 rogam
1630 1601 1790 1639 multam.

338 1658 441 1709 apud
471 1656 681 1694 Baldrieum
719 1656 759 1693 in
792 1655 946 1693 historia
981 1653 1320 1704 Hierosolymitana
1355 1659 1532 1693 excusant
1570 1667 1613 1694 se
1653 1655 1787 1694 milites

335 1713 454 1752 Alexii
472 1713 703 1763 imperatoris
723 1712 780 1750 his
798 1712 940 1750 verbis:
967 1725 1030 1749 nos
1042 1712 1080 1749 in
1099 1723 1188 1760 roga
1200 1712 1419 1761 imperatoris
1445 1711 1556 1750 locati
1571 1711 1663 1750 m'lril
1684 1711 1788 1750 aliud

335 1782 443 1820 quam
470 1768 560 1819 quod
577 1771 650 1820 ipse
674 1771 821 1819 imperat
842 1768 965 1820 facere
989 1779 1183 1819 possumus.
1216 1767 1284 1804 sed
1310 1767 1358 1805 de
1386 1779 1479 1817 roga
1505 1768 1690 1820 copiosius
1715 1781 1785 1806 suo

332 1825 416 1863 loco
433 1824 504 1889 l.3
521 1837 613 1886 com:
633 1825 704 1885 ⁰⁸5.
725 1828 764 1861 et
781 1837 811 1862 c.
831 1826 869 1865 9.
892 1876 901 1887 .
1111 1875 1121 1884 ·
1196 1874 1205 1885 ⁸
1418 1874 1428 1884 ⁶
1683 1875 1692 1886 ¹
1710 1875 1720 1885 .
1755 1875 1766 1885 ·

335 1877 638 1958 ιιιιιιῐιρὲζῖτοῖιῗιιέ
654 1874 1487 1966 1οὲζῆῖί,ιωἓὶηῗὲἒὲιηῗῑίοξιῖξιᾶιῖυὲιιιίᾱὶίᾛῖἕῗὲἶ
1507 1878 1587 1955 σξιο
1601 1875 1788 1956 οὲιῒὲεοῗο

335 1967 522 2002 mutilatam
543 1969 657 2001 refero
679 1973 714 2001 et
743 1979 888 2012 expono.
934 1964 1026 2011 ῥ’όγα
1049 1963 1072 2010 ἡ
1096 1966 1169 1999 τῶν
1194 1962 1369 2010 βασιλέων
1400 1961 1564 2010 εὐσέβεια
1592 1963 1656 1999 καὶ
1680 1968 1786 2010 φιλο-

334 2012 448 2058 τιμία.
491 2022 584 2056 roga
609 2016 658 2046 est
680 2013 924 2056 imperatorum
954 2013 1065 2055 pietas
1095 2014 1128 2044 et
1158 2011 1402 2053 munificentia.
1457 2011 1643 2054 erogabant
1676 2011 1786 2057 impe-

336 2063 470 2093 ratores
500 2056 681 2101 quotannis
709 2057 752 2091 de
778 2068 839 2090 suo
870 2055 1024 2090 ecclesiis
1054 2055 1249 2100 proceribus
1280 2054 1435 2088 militibus
1464 2065 1508 2100 po
1535 2056 1590 2090 ulo
1617 2055 1786 2102 stipendis.

336 2109 375 2138 et
396 2112 545 2137 munera.
593 2100 744 2135 ecclesiis
768 2101 891 2135 collate.
913 2097 1095 2146 εὗσέβεια,
1126 2100 1200 2133 aliis
1223 2099 1474 2145 quibuscunque
1496 2066 1622 2137 dssnata
1643 2103 1785 2146 φιλοτι-

332 2148 422 2193 μίας
443 2157 563 2181 nomen
589 2155 831 2192 promerentur.
878 2145 1040 2180 ecclesiae
1060 2156 1201 2189 magnae
1230 2145 1398 2191 stipendia
1431 2146 1598 2182 Romanus
1626 2147 1784 2192 Argyra!

334 2193 440 2228 auxit.
486 2191 676 2226 cedrenus:
709 2188 909 2226 ἐνδέουσαν
939 2187 1008 2236 γὰρ
1031 2187 1100 2234 τὴν
1123 2188 1310 2233 πρόσοδον
1331 2191 1396 2234 τῆς
1416 2189 1572 2236 μεγάλης
1593 2189 1700 2232 εἰδὼς
1721 2188 1781 2228 ἰκ-

334 2237 485 2282 Δπλησίας
514 2234 580 2271 ἅτε
611 2234 807 2281 οἰκονόμος
839 2234 975 2280 ταύτης
1005 2234 1197 2281 γενόμενος
1229 2231 1269 2271 ἐν
1292 2239 1371 2276 τοῖς
1392 2234 1602 2280 ἔμπροσθεν
1622 2235 1783 2284 χρόνοις,

334 2283 399 2318 καὶ
421 2284 495 2318 τῶν
516 2279 636 2317 ἄλλων
659 2280 812 2322 ὁπόσαις
829 2279 1095 2327 ὑπηρετεῖσθαι
1117 2279 1207 2321 ἔθος
1227 2279 1331 2325 παρὰ
1362 2282 1431 2316 τοῦ
1461 2279 1596 2328 ταύτης
1627 2281 1781 2328 κλήρου,

334 2325 569 2385 ὀγδοῄκοντα
591 2328 741 2373 χρυσίου
763 2327 884 2371 λίτρας
907 2323 981 2361 ἀντὶ
1003 2327 1081 2360 πᾶν
1103 2323 1182 2367 ἔτος
1205 2329 1444 2371 χορηγεῖσθαι
1459 2327 1603 2369 τούτοις
1618 2325 1779 2363 renium-

335 2385 399 2408 κεν
422 2370 499 2408 απὸ
521 2373 589 2408 τοῦ
624 2373 811 2420 βασιλικοῦ
843 2372 1006 2417 ταμιείου
1044 2370 1098 2412 εἰς
1128 2372 1361 2417 προσθήκην.
1406 2373 1548 2408 Nicetas
1569 2373 1603 2408 in
1622 2373 1781 2408 manuele

335 2419 358 2452 1.
383 2420 423 2453 1:
451 2419 504 2465 τῷ
527 2415 649 2465 κλήρῳ
670 2418 738 2453 τοῦ
757 2415 914 2463 μεγάλου
937 2414 1007 2451 νεώ
1030 2415 1220 2452 ἐπιδίδωσι
1236 2415 1483 2464 χρυσόβουλον
1498 2419 1639 2454 τυποῦν
1654 2415 1782 2458 αὖτοῖς

332 2460 496 2507 ἀργύρεα
517 2459 643 2508 ἔτήσια
663 2461 826 2508 κέρματα
849 2460 901 2504 εἰς
921 2463 1013 2507 μνᾶς
1039 2461 1097 2502 δὶς
1127 2458 1259 2498 ἑκατὸν
1283 2461 1558 2507 κορυφούμενα.
1604 2474 1779 2510 procerum

333 2519 451 2552 rogam
486 2513 608 2543 auctor
639 2509 863 2555 descripturus
895 2513 950 2543 est
974 2508 1132 2549 interium
1156 2509 1293 2554 eiusque
1321 2509 1468 2543 meminit
1489 2509 1661 2543 comnena
1686 2509 1707 2543 l.
1733 2509 1777 2544 3:

333 2550 447 2598 ῥ’όγα,
471 2553 596 2599 inquit,
619 2555 693 2589 τῶν
717 2552 908 2589 δοθέντων
928 2553 1042 2588 εἴκοσι
1064 2550 1299 2598 ἀξιωμάτων,
1332 2559 1459 2608 quanta
1481 2554 1632 2589 nimirum
1653 2553 1779 2598 viginti

331 2598 530 2643 proceribus
555 2600 588 2633 in
616 2599 777 2644 dignitate
801 2611 902 2645 penes
926 2598 1162 2643 imperatorem
1184 2603 1373 2634 constitutis
1396 2600 1507 2638 datur.
1550 2595 1701 2643 αὔξησιν
1715 2595 1779 2643 ᾆσ-

332 2643 431 2687 γῶίι,
454 2654 527 2678 eam
552 2645 709 2680 militibus
732 2650 862 2680 auctam
877 2644 998 2678 ibidem
1017 2649 1189 2678 memorat.
1235 2657 1318 2689 erga
1333 2650 1470 2679 cunctos
1485 2644 1686 2679 exsiccatum
1700 2644 1778 2678 bino

332 2687 548 2724 liberalitatis
572 2691 771 2735 profluvium
794 2690 980 2735 aegerrime
1002 2690 1069 2723 fert
1092 2690 1269 2725 Balsamon
1292 2691 1453 2736 opusculo
1475 2690 1517 2724 de
1532 2690 1666 2735 Rogato
1683 2691 1701 2725 1
1718 2689 1777 2723 Iu-

333 2733 380 2768 ris
403 2734 472 2767 GR
492 2745 530 2769 re
556 2736 691 2770 eriendo
716 2748 749 2782 p.
773 2737 864 2779 4713
897 2734 986 2780 apud
1008 2746 1107 2780 quem
1130 2747 1196 2780 quo
1222 2747 1264 2770 ue
1285 2736 1376 2780 leges
1398 2732 1444 2770 τοὶ
1467 2732 1621 2780 §ordita
1642 2735 1777 2770 catalo-

331 2789 419 2834 3⁰3⁰
436 2783 469 2814 et
484 2747 636 2818 orciinem
653 2782 840 2826 faciendae
861 2791 982 2829 rogae.
1031 2785 1067 2815 et
1090 2781 1178 2827 apud
1239 2782 1446 2828 heophanem
1471 2778 1691 2827 στρατιώτας
1712 2776 1775 2826 60-

331 2834 462 2867 γενειν.
1631 2848 1634 2852 .
