1820 3178
0 3068 10 3178 avara*
0 2974 8 3065 -xu--u

0 2885 13 2972 πη,
0 2687 8 2875 W

476 219 483 222 *¹
510 201 571 245 [N
610 202 805 246 CODINI
842 202 951 247 CAP.
984 200 1043 244 ΙΙ.
1394 202 1489 246 211

55 314 118 364 qui
128 311 259 350 oderint
274 311 467 349 avan‘tiam
485 315 518 349 et
535 325 591 349 eos
610 312 708 349 verbo
735 315 768 349 et
788 310 936 362 exemplo
962 312 1136 349 iustitiam
1164 309 1314 359 diligere
1335 309 1491 358 doceant,

53 367 237 406 secundum
263 369 469 418 scripturam
492 366 658 405 dicentem
705 367 873 418 “diligite
909 367 1104 416 iustitiam,
1135 366 1198 416 qui
1224 366 1391 403 iudicatis
1417 370 1492 404 ter-

53 422 169 461 ram.“
196 423 326 460 eadem
343 422 450 472 epist.
470 434 500 459 c.
522 425 568 463 6:
594 425 665 472 ipsi
681 426 794 461 autem
823 423 940 460 baiuli
958 434 1163 473 magnopere
1178 423 1356 472 providere
1374 422 1493 460 debent

52 492 94 517 ne
111 491 214 529 super
226 481 334 516 socios
351 491 431 515 suos
453 490 488 515 se
507 477 699 526 extollant,
727 479 788 516 sed
814 478 955 529 [agant]
979 481 1084 516 iuxta
1103 479 1311 527 scripturam
1329 478 1493 515 dicentem

52 535 65 557 ‘
80 537 219 582 quanto
243 545 399 584 magnus
421 545 482 582 eS‚
520 533 669 571 humilia
693 537 732 571 te
755 535 793 571 in
826 534 1015 583 omnibus,
1041 538 1080 571 et
1103 546 1224 571 coram
1248 534 1318 571 deo
1331 534 1493 570 invenies

53 589 247 640 gratiam.“
273 590 370 626 idem
395 589 502 640 epist.
529 592 555 630 3
578 602 608 627 c.
630 591 674 629 1:
704 589 852 639 legimus
875 590 1036 640 quomodo
1058 589 1255 627 Alexander
1275 592 1315 627 in
1336 591 1494 640 pueritia

54 658 121 684 sua
139 646 261 683 habuit
276 645 432 683 baiulum
453 647 585 682 nomine
603 644 809 693 Leom’dem,
839 648 959 683 citatis
979 646 1127 683 moribus
1145 649 1179 682 et
1195 647 1413 696 incomposito
1435 648 1493 684 in-

55 714 150 739 cessu
169 701 373 750 notabilem,
402 713 490 751 quae
508 713 596 751 puer
620 703 722 751 quasi
742 701 798 739 lac
816 701 1050 739 adulten’num
1067 714 1193 750 sugens
1213 700 1257 739 ab
1278 714 1316 738 eo
1335 703 1494 751 sumpsit.

54 756 145 795 unde
155 759 194 795 iu
206 757 331 796 adulta
343 759 458 795 aetate
477 759 612 808 sapiens
628 760 661 794 et
682 769 743 794 rex
752 757 862 807 sortis
878 771 913 794 se
927 759 1040 807 ipsum
1056 756 1314 807 reprehendebat
1332 761 1365 794 et
1380 760 1495 795 vitare

53 812 209 862 volebat,
237 812 297 850 sed
311 816 352 850 ut
365 812 516 862 legitur,
545 824 622 850 cum
645 814 759 851 omnia
774 826 882 862 regna
901 815 1044 863 vicerit,
1074 815 1113 851 in
1139 812 1200 851 hoc
1222 825 1257 850 se
1276 813 1388 863 ipsum
1413 815 1496 851 vin-

57 881 130 907 cere
149 882 215 907 non
229 869 357 920 potuit.

137 940 346 996 βαΐουλος,
383 941 440 986 qui
483 937 638 998 βαγυλος
687 952 820 986 quoque
868 942 1071 987 Theophani
1117 942 1151 976 in
1196 942 1312 977 Leone
1361 943 1496 988 Copro-

57 987 149 1031 nymi
173 987 217 1024 F.
247 987 421 1029 scribitur,
453 981 650 1028 ἐπίτροπος
679 989 841 1021 καλεῖται
877 988 926 1021 ait
957 989 1132 1032 Gregoras
1162 987 1185 1022 4
1213 990 1245 1024 9.
1292 988 1498 1034 Moschopu-

58 1032 110 1066 lus
131 1028 367 1086 παιδαγωγὸν
390 1012 452 1066 καὶ
481 1030 726 1076 παιδοτρίβην
756 1029 821 1067 τὸν
850 1031 1028 1078 βαΐουλον
1058 1033 1190 1068 asserit.
1236 1033 1279 1066 de
1302 1034 1495 1068 Theodosio

58 1077 242 1111 Theodosii
262 1076 402 1111 iunioris
436 1076 548 1110 baiulo
578 1077 803 1122 Theophanes
834 1084 869 1111 et
900 1077 1095 1117 Cedrenus,
1130 1077 1164 1111 in
1198 1089 1297 1122 quem
1327 1090 1389 1113 nos
1417 1079 1497 1120 alia,

58 1123 229 1176 pluraque
242 1121 297 1156 vir
319 1122 558 1156 eruditissimus
578 1122 745 1156 Fabrotus
765 1122 921 1167 collegit,
944 1134 984 1156 ac
1007 1134 1028 1156 a
1051 1122 1198 1157 Meursio
1222 1123 1367 1157 diversa.
1412 1105 1497 1158 haec’

59 1168 154 1201 nobis
174 1167 232 1212 qui
253 1178 375 1221 pueros
396 1178 463 1200 non
485 1166 633 1210 regimus
665 1167 708 1201 de
736 1168 849 1202 baiulo
879 1168 982 1211 satis,
1014 1179 1057 1202 ne
1078 1169 1168 1203 forte
1191 1168 1301 1203 aliena
1323 1168 1413 1203 dicta
1431 1170 1497 1204 huc

59 1218 282 1257 congerentes
304 1212 444 1247 infames
465 1211 567 1247 baiuli
586 1211 717 1249 fiamus.

60 1323 128 1368 (Ι)
151 1323 440 1360 CATALOGUS
461 1324 677 1360 AUCTIOR
701 1324 917 1359 CODINEO
941 1326 1002 1360 Ac
1025 1325 1233 1361 MUTATO
1258 1325 1499 1361 NONNlHIL

516 1370 700 1405 ORDINE
726 1371 1030 1415 DISPOSITUS,

202 1463 245 1488 ex
265 1455 343 1488 octo
369 1451 504 1487 circiter
525 1453 643 1498 Regiis
666 1454 758 1488 MSS
783 1453 858 1488 ad
848 1454 990 1489 invicem
1011 1454 1144 1489 collatis
1168 1453 1366 1500 exscriptus.

156 1528 204 1564 α’.
229 1527 249 1564 6
274 1528 461 1584 δεσπότης.
582 1528 628 1576 β’.
649 1527 669 1565 6
681 1527 1007 1586 σεβαστοκρᾶτωρ.
1133 1530 1178 1575 γ’.
1204 1529 1226 1566 6
1246 1535 1394 1585 καῖσαρ.

63 1575 110 1611 δ’.
134 1572 155 1610 6
177 1573 531 1630 πανυπερσέβαστος.
609 1573 650 1610 ε’
674 1572 694 1609 6
699 1574 1054 1630 πρωτοβεστιάριος.
1124 1574 1170 1614 ς’.
1193 1574 1213 1610 6
1224 1574 1338 1632 μέγας
1352 1573 1455 1618 δούξ.

63 1620 106 1662 ζ.
130 1618 150 1654 6
173 1631 284 1664 μεγας
294 1621 528 1676 δομεστικος.
618 1617 666 1663 η’.
692 1618 712 1654 6
731 1619 1037 1676 πρωτοστράτωρ.
1139 1618 1192 1654 θ’.
1217 1619 1237 1655 ὁ
1261 1619 1373 1677 μέγας
1396 1624 1499 1665 λογο-

62 1664 190 1720 θέτης.
281 1675 318 1699 ι.
341 1677 362 1698 ο
382 1675 493 1708 μεγας
489 1661 841 1720 στρατοπεδάρχης.
934 1661 1038 1700 10:26
1058 1661 1168 1709 μέγας
1188 1665 1454 1723 πριμμικήριος.

64 1708 125 1758 ιβ’.
149 1708 170 1745 6
193 1707 304 1754 μέγας
323 1709 578 1749 κονοσταῦλος.
671 1720 727 1752 ιγ.
754 1721 774 1743 ο
799 1707 859 1746 ἐπὶ.
880 1711 950 1744 τοῦ
969 1710 1188 1745 κανικλείου.
1282 1708 1343 1745 ιδ’.
1368 1709 1388 1745 ὃ
1405 1722 1503 1766 πρω-

62 1753 292 1809 τοσέβαστος.
389 1751 443 1789 ιε’.
469 1750 489 1786 6
514 1750 575 1788 ἐπὶ
594 1750 735 1797 κέρνης.
834 1751 892 1793 ις’.
915 1753 937 1789 6
965 1754 1292 1799 παρακοιμώμενος
1311 1755 1376 1810 τῆς
1394 1754 1504 1811 μεγά-

65 1805 129 1845 λης
149 1797 365 1843 σφενδόνης.
465 1795 521 1839 ιζ’.
546 1795 566 1833 6
591 1796 912 1854 παρακοιμῶμενος
934 1801 1001 1835 τοῦ
1022 1801 1207 1840 κοιτῶνος.
1307 1813 1370 1845 ιη.
1394 1798 1413 1836 6
1437 1800 1501 1846 μέ-

64 1857 132 1901 γας
153 1843 282 1900 βαΐουλ
286 1856 338 1884 ος.
430 1841 498 1879 aff.
522 1840 542 1878 6
569 1842 861 1889 κουροπαλάτης.
952 1843 999 1882 κ’.
1023 1843 1044 1880 ὁ
1060 1845 1428 1901 πρωτοβεστιαρίτης.

65 1888 138 1926 κοί.
160 1886 180 1924 6
206 1886 417 1942 δομέστικος
438 1889 503 1931 τῆς
526 1888 709 1933 βασιλικῆς
728 1889 921 1945 τραπέζης·
1013 1887 1084 1936 κβ’.
1107 1887 1127 1925 6
1153 1886 1214 1925 ἐπὶ
1232 1889 1426 1946 τραπέζης.

66 1933 133 1980 κγ’
156 1932 178 1970 6
205 1930 421 1988 λογοθέτης
427 1935 493 1967 τοῦ
517 1934 682 1968 Γενικοῦ.
781 1932 851 1969 κδ’.
876 1932 896 1968 6
920 1931 1031 1979 μέγας
1051 1934 1204 1974 παπίας.
1305 1933 1370 1970 κε’.
1394 1933 1414 1970 6
1439 1931 1503 1969 ἕπ-

67 1992 222 2036 αρχος.
303 1976 371 2018 κς’.
404 1975 424 2012 6
451 1975 561 2023 μέγας
585 1976 834 2034 δρουγγαριος
846 1981 911 2024 τῆς
934 1980 1118 2033 βασιλικῆς
1141 1980 1274 2025 βίγλης.
1391 1980 1458 2020 κζ’.
1483 1977 1504 2014 6

67 2026 202 2079 μέγας
204 2018 461 2079 ἓταιρειᾶῼκης·
557 2021 627 2079 κη’
655 2021 676 2058 ὁ
686 2022 899 2077 λογοθέτης
921 2025 988 2059 τοῦ
1008 2022 1162 2070 δρόμου.
1261 2022 1338 2059 κθ’.
1362 2022 1383 2059 6
1405 2022 1503 2059 ὕπα-

68 2083 131 2110 τος
151 2070 223 2105 τῶν
245 2067 470 2122 φιλοσόφων.
539 2067 582 2103 λ’.
605 2065 625 2103 6
649 2065 767 2125 μέγας
781 2067 1056 2114 χαρτουλαριος.
1127 2067 1196 2104 λα’.
1221 2066 1241 2104 6
1267 2068 1449 2125 μυστικάς.

70 2112 137 2161 λβ.
161 2112 181 2150 6
205 2111 524 2168 πρωτασηκρήτης.
664 2112 728 2169 λγ’.
750 2111 770 2148 6
796 2113 858 2150 ἐπὶ
878 2116 945 2150 τοῦ
969 2115 1136 2158 στρατοῦ.
1257 2111 1325 2149 λδ’.
1350 2112 1371 2149 6
1394 2113 1506 2170 μέγας

72 2157 311 2213 δρουγγάριος
332 2158 399 2192 τοῦ
419 2156 563 2192 στόλου.
670 2157 731 2192 λε’.
756 2157 776 2194 6
800 2157 1012 2204 δομέστικος
1032 2161 1105 2194 τῶν
1127 2159 1276 2204 σχολῶν.
1390 2158 1456 2199 λς’.
1481 2156 1502 2193 6

70 2201 327 2260 πριμμικήριος
346 2202 414 2257 τῆς
434 2200 557 2246 αὐλῆς.
664 2202 726 2243 λζ’.
750 2202 770 2239 6
797 2203 1142 2261 πρωτοσπαθάριος.
1256 2201 1325 2248 λη’.
1349 2203 1370 2239 6
1395 2202 1507 2259 μέγας

71 2247 208 2305 ἅρχων.
297 2246 370 2280 aff.
394 2243 414 2280 6
439 2249 551 2288 τατοῖς
570 2246 635 2292 τῆς
651 2244 777 2303 αὐλῆς.
864 2248 912 2305 μ’.
938 2247 958 2285 ὁ
975 2247 1084 2294 μέγας
1099 2246 1299 2290 τζαούσιος.
1389 2261 1463 2303 μα.
1482 2261 1502 2281 o

71 2294 236 2336 πραίτωρ
257 2292 326 2326 τοῦ
348 2288 481 2346 δήμου.
602 2290 670 2347 μβ’
663 2316 674 2326 .
703 2290 723 2327 6
748 2293 949 2350 λογοθέτης
969 2296 1041 2329 τῶν
1065 2292 1273 2331 οἰκειακῶν.
1389 2291 1458 2347 μγ’.
1483 2290 1503 2326 6

74 2338 184 2384 μέγας
201 2335 450 2391 λογαριαστής.
560 2335 632 2380 μδ’.
651 2334 672 2371 6
697 2334 756 2372 ἐπὶ
779 2341 851 2374 τῶν
872 2338 1043 2383 δεήσεων.
1159 2337 1226 2383 με’.
1249 2337 1270 2374 6
1295 2335 1506 2393 ἄρχιδιοὶκο-

74 2396 151 2424 νος·
241 2379 312 2427 με’·
337 2392 357 2414 0
375 2376 596 2435 οκουτὲριος·
694 2381 763 2427 μζ.
785 2383 806 2420 6
831 2383 1124 2440 πρωτοκυνηγός.
1223 2380 1297 2437 μη’.
1319 2381 1340 2416 ὃ
1367 2379 1509 2435 ἇμηροὶ-

76 2431 148 2474 λης.
261 2422 341 2471 pff.
367 2422 388 2459 6
413 2422 642 2480 ἄκτουάριος.
754 2427 798 2465 ν’.
823 2428 844 2465 6
865 2428 976 2475 μέγας
998 2425 1286 2482 αδνουμιαστής.
1393 2423 1464 2460 να’.
1486 2422 1506 2459 6

74 2475 282 2526 κοιαίστωρ.
399 2467 468 2516 νβ’.
491 2467 511 2504 6
517 2467 735 2525 λογοθέτ-ης
754 2475 820 2508 τοῦ
840 2475 1114 2529 στρατιωτικοῦ.
1233 2470 1299 2515 νγ’.
1326 2469 1346 2504 ὃ
1366 2481 1511 2515 πρωτο-

75 2515 300 2573 ϊερακαριος.
415 2512 484 2549 νδ’.
509 2511 529 2549 6
551 2513 677 2560 κριτὴς
696 2519 762 2552 τοῦ
773 2517 911 2572 fln'lov.
1030 2516 1093 2553 ve'.
1119 2515 1139 2551 6
1164 2512 1275 2593 μέγας
1295 2515 1508 2593 διερμηνευοῖ

76 2561 155 2619 τής.
244 2558 313 2600 νς.
336 2556 357 2594 6
379 2556 534 2615 λογοθέτ
560 2561 661 2598 ςτῶν
674 2558 823 2617 ἆγελῶν.
912 2563 977 2606 νζ.
1002 2561 1022 2599 6
1045 2562 1239 2603 δικαιοφυλ
1243 2559 1298 2601 αξ.
1387 2557 1458 2604 νη’.

77 2604 298 2648 ἀκόλουθος.
387 2602 465 2640 νθ’.
489 2602 510 2638 6
558 2605 824 2653 ρφανοτρόφος.
911 2608 954 2653 ξ’.
979 2606 1000 2642 ὃ
1023 2616 1329 2652 πρωτονοταριος.
1403 2601 1472 2648 ξαῖ
1488 2603 1508 2637 6

167 2762 233 2808 με’.
280 2765 558 2808 Archffliaconus,
587 2765 829 2811 dicaeophylax
862 2770 898 2802 et
927 2763 1151 2810 nomopbylax
1183 2762 1337 2806 catalogo
1370 2772 1442 2806 seq.
1478 2765 1514 2794 et

80 2808 151 2843 eius
174 2810 296 2844 notulis
318 2817 540 2857 exponuntur.
