1832 3178
266 221 330 267 30
683 222 879 267 comm
915 202 1310 268 CUROPALATAE

264 335 374 387 ἐντὸς
397 335 556 391 μέντοι,
591 335 646 389 ὥς
679 336 852 396 εἴρηται,
885 341 959 392 τῆς
987 336 1113 395 αὐλῆς
1136 335 1280 395 μόνον·
1315 340 1481 395 ἐκβῆναι
1503 338 1547 381 δὲ
1568 334 1716 394 ταύτης

263 403 477 461 ἶππότηςῆ
499 408 692 450 εἰσελθεῖν
709 406 808 449 οὔθ’
831 399 950 458 οὗτος
966 405 1056 450 οὕτε
1071 425 1132 458 τις
1149 408 1295 464 ἕτερος.
1362 411 1397 451 εἴ
1423 408 1468 450 δὲ
1492 405 1616 463 δεήσῃ
1639 406 1714 464 ἅρ-

259 472 407 527 χοντάς
434 491 546 525 τινας
576 479 889 529 καβαλλικεῦσαι
919 475 962 518 ἓν
987 480 1038 534 τῇ
1067 477 1193 534 αὐλῇ,
1230 478 1327 533 πεζῇ
1352 476 1426 530 μὲν
1455 475 1713 532 εῗσέρχονται,

263 541 348 584 εἶτα
378 541 747 596 καβαλλικεύουσιν.
815 540 936 586 πάλιν
959 545 1003 587 δὲ
1024 547 1079 596 εἷς
1099 545 1171 600 τὴν
1194 545 1364 600 ἐκβολὴν
1380 544 1513 587 αὐτῶν
1530 541 1714 596 πεζεύον-

261 627 328 660 τες
357 611 581 668 ἐξέρχονται
610 612 720 668 πεζῇ.
788 610 866 667 ἔχει
889 628 931 655 τε
957 611 1095 657 ἄδειαν
1115 612 1136 656 ὅ
1157 611 1285 668 κόμης
1301 613 1502 667 βασιλέως
1517 609 1747 670 παρόντος5

261 679 472 732 βασιλικὸν
503 677 804 734 καβαλλικεῦειν
832 679 1000 737 συρτόν,
1040 679 1125 724 οἷον
1151 681 1200 724 ἄν
1224 680 1435 736 βούλοιτο·
1470 678 1642 731 ἀπόντος
1667 679 1712 723 δ’

146 756 174 790 Ρ
200 756 245 791 62
269 746 343 802 οὗχ
374 746 515 797 οὕτως.
582 746 688 790 ἀλλὰ
710 749 956 805 σαγίσματος
972 754 1052 793 τῶν
1069 754 1140 793 τοῦ
1155 751 1282 792 ἵππου
1302 750 1553 793 σκαπουλίων
1569 749 1715 791 ἐπικει-

264 816 385 870 μένου
415 815 533 872 μέχρι
565 817 633 858 καὶ
661 821 734 869 τῆς
763 814 946 871 ἡμισείας
977 819 1191 869 σκέποντος
1214 819 1354 870 σέλας,
1389 817 1495 861 οὕτω
1520 820 1716 870 καβαλλι-

266 881 370 926 κεύει
380 915 393 935 ,
428 883 696 940 ἀπερχόμενος
717 884 896 940 ἀλλαχοῦ
918 886 993 942 μὲν
1013 886 1223 942 οὐδαμῶς,
1258 887 1333 939 ἕως
1353 887 1397 930 δὲ
1415 888 1483 929 καὶ
1500 885 1624 941 μόνον
1643 888 1717 929 τοῦ

264 954 560 1009 στρατορικιόυ.
1727 958 1771 994 10

391 1020 522 1072 ’‘E-1304·
544 1021 591 1064 δέ
609 1039 647 1064 τι
671 1023 735 1064 καὶ
758 1025 876 1065 τοῦτο
898 1023 990 1065 κατ’
1013 1021 1099 1073 ἴτος
1119 1023 1244 1075 ἐστίν,
1274 1022 1319 1065 τὸ
1339 1022 1442 1066 κατὰ
1462 1022 1533 1066 τὸν
1550 1025 1625 1065 τοῦ
1642 1037 1717 1075 με-

266 1086 392 1145 γάλου
419 1089 573 1145 Πάσχα
599 1090 738 1147 καιρὸν
757 1091 941 1146 γίνεσθαι
962 1092 1104 1142 σέλλας
1122 1091 1336 1145 βασιλικὰς
1357 1093 1422 1134 καὶ
1440 1090 1630 1145 χαλινούς
1649 1091 1717 1132 καὶ

265 1156 398 1199 ἐπάνω
428 1159 571 1200 σκέπια
592 1156 723 1201 πάντα
746 1157 885 1211 καινά,
921 1161 988 1202 καὶ
1013 1160 1063 1202 τὰ
1084 1161 1236 1202 παλαιὰ
1257 1158 1476 1214 λαμβάνειν
1497 1157 1628 1202 πάντα
1647 1158 1717 1200 τὸν

263 1223 419 1280 κόμητα
428 1257 442 1277 ,
477 1225 564 1280 ἤτοι
593 1227 666 1277 τὰς
687 1227 829 1278 σέλλας
848 1228 950 1282 μετὰ
968 1233 1046 1271 τῶν
1068 1230 1308 1283 κομπωσίων
1330 1230 1397 1272 καὶ
1418 1228 1512 1279 τοὺς
1525 1225 1718 1283 χαλινοὺς

263 1293 369 1336 οὕτω
388 1294 491 1347 μετὰ
514 1299 593 1337 τῶν
615 1300 791 1352 τουφῶν.
1728 1298 1771 1334 15

390 1360 454 1404 ‘H
477 1363 521 1405 δὲ
550 1367 628 1405 τῶν
659 1363 880 1419 λεγομένων
908 1368 1065 1420 συρτιῖἰν
1089 1368 1310 1418 βασιλικῶν
1331 1365 1466 1406 *ἵππων
1485 1359 1718 1417 ‹izozei-9217-

261 1448 326 1480 σις
336 1462 349 1481 ,
380 1428 548 1486 ὁπηνίκα
570 1430 840 1488 καβαλλικεύῃ
861 1429 882 1473 ὅ
901 1431 1113 1486 βασιλεύς,
1149 1433 1302 1488 λέγεται
1320 1433 1506 1488 γενέσθαι
1527 1433 1569 1482 ἐξ
1588 1431 1718 1480 αἰτίας

209 1507 239 1542 Β
264 1500 438 1542 τοιᾶσδε.
490 1499 560 1542 τὸν
582 1500 753 1553 βασιλέα
779 1498 979 1557 Θεόφιλόν
1003 1518 1104 1558 φασι
1125 1502 1313 1556 γενέσθαι
1336 1502 1597 1557 φιλοδίκαιον.
1650 1498 1718 1540 ἱπ-

259 1565 384 1621 πότην
407 1561 479 1609 οὖν
501 1566 721 1624 φερόμενόν
739 1586 833 1611 ποτε
845 1600 859 1619 ,
892 1567 1122 1624 ὖπαντῆσαί
1143 1587 1242 1626 φασι
1264 1575 1457 1625 γυναῖκα,
1492 1565 1717 1623 κράζουσαν

261 1634 409 1689 ἑαυτῆς
428 1633 524 1677 εἶναι
543 1636 613 1678 τὸν
627 1637 751 1678 ἵππον
766 1630 800 1695 ᾧ
818 1637 1014 1691 ἐποχεῖται
1035 1636 1055 1679 ὃ
1072 1636 1274 1691 βασιλεύς.
1341 1641 1414 1679 τοῦ
1431 1634 1612 1679 τοιούτου
1633 1635 1774 1677 τοί-20

261 1722 333 1746 νυν
364 1704 644 1754 ἔξετασθὲντος
672 1702 886 1761 &pestifirae
911 1704 1194 1760 ἅληθεύουσαν
1214 1707 1287 1760 τὴν
1308 1711 1495 1761 γυναῖκα·
1525 1701 1623 1746 εἶναι
1644 1703 1717 1757 μὲν

262 1772 339 1829 γὰρ
368 1772 437 1815 τὸν
467 1773 591 1814 ἵππον
624 1772 748 1826 αὐτῆς
755 1804 769 1825 ,
815 1773 886 1816 τὸν
914 1775 959 1816 δὲ
988 1773 1161 1830 ἔπαρχον
1193 1772 1438 1832 ἀφελόμενον
1467 1774 1621 1831 δῶρον,
1663 1768 1719 1822 ὥς

354 1903 378 1938 7
401 1899 611 1937 καπουλίων
633 1901 694 1938 ΑΒ
832 1901 875 1938 15
899 1902 1073 1947 φουντῶν
1097 1901 1156 1937 ΑΒ

264 2015 392 2050 dictum
415 2017 488 2056 est,
512 2014 720 2049 solummodo
743 2014 837 2050 intra
860 2014 990 2055 aulam3
1022 2026 1066 2049 ex
1089 2015 1154 2050 hac
1178 2027 1262 2050 vero
1287 2015 1437 2060 equitem
1463 2014 1561 2050 exire
1581 2014 1637 2050 vel
1660 2015 1714 2049 in-

264 2061 374 2096 troire
394 2072 507 2105 neque
531 2061 610 2095 huic
634 2072 746 2105 neque
770 2061 868 2095 alteri
891 2061 1039 2106 cuipiam
1064 2073 1263 2096 concessum
1283 2068 1350 2096 est.
1397 2062 1451 2096 sin
1474 2068 1587 2096 autem
1610 2072 1716 2106 opor-

264 2112 339 2142 teat
369 2117 532 2151 proceres
563 2106 697 2151 aliquos
728 2107 885 2151 equitare
917 2106 954 2140 in
986 2106 1084 2151 aula,
1122 2108 1260 2152 pedites
1293 2108 1555 2152 ingrediuntur,
1591 2107 1718 2141 deinde

265 2152 438 2197 equitant.
484 2163 602 2186 rursus
627 2163 702 2186 cum
727 2153 916 2186 abeundum
941 2158 1013 2196 est,
1041 2153 1253 2187 descendunt
1274 2165 1318 2187 ex
1340 2165 1451 2198 equo,
1475 2159 1511 2188 et
1532 2153 1717 2198 egrediun-

264 2205 322 2233 tur
351 2197 501 2243 pedites.
562 2197 667 2231 habet
699 2209 813 2232 comes
844 2203 1052 2243 potestatem
1083 2204 1269 2243 praesente
1301 2199 1510 2244 imperatore
1540 2197 1719 2244 equitandi

263 2255 502 2289 quemcunque
522 2243 673 2278 voluerit
692 2243 911 2289 imperatoris
934 2255 1057 2288 equum
1082 2256 1125 2278 ex
1147 2244 1200 2279 his
1224 2245 1284 2288 qui
1305 2246 1476 2279 ducuntur
1492 2257 1604 2279 manu.
1653 2245 1718 2279 ab-

263 2295 363 2324 sente
385 2289 598 2334 imperatore
621 2301 689 2323 non
711 2290 806 2324 item.
854 2290 915 2324 sed
942 2295 1140 2334 tegumento
1166 2291 1246 2335 equi
1270 2291 1420 2337 scapulis
1442 2292 1661 2325 incumbente
1684 2294 1720 2324 et

263 2335 409 2370 mediam
431 2334 549 2368 sellam
571 2335 751 2379 operiente
775 2335 928 2380 equitat3
957 2347 1070 2380 neque
1092 2347 1262 2380 quoquam
1287 2349 1325 2372 se
1348 2338 1484 2372 confert
1507 2337 1576 2372 nisi
1596 2337 1641 2372 ad
1663 2336 1717 2371 lo-

260 2393 338 2416 cum
361 2381 422 2416 ubi
444 2386 575 2415 strator
597 2381 839 2427 imperatorem
862 2381 899 2415 in
925 2392 1050 2427 equum
1068 2381 1238 2416 sublevat.

353 2449 615 2484 Consuetudine
643 2455 820 2494 receptum
852 2453 907 2484 est
935 2454 975 2484 ut
1005 2450 1188 2494 quotannis
1211 2450 1304 2484 circa
1327 2461 1484 2495 magnum
1508 2449 1638 2496 pascha
1661 2461 1719 2484 re-

261 2502 435 2531 noventur
458 2507 576 2530 omnes
598 2495 817 2540 imperatoris
842 2495 947 2530 sellae
973 2495 1065 2529 freni
1090 2502 1126 2530 et
1149 2496 1263 2530 omnia
1286 2496 1354 2530 alia
1379 2495 1551 2541 tegmina,
1586 2496 1719 2530 omnia-

261 2553 331 2586 que
361 2547 481 2576 vetera
513 2541 665 2587 accipiat
697 2553 831 2585 comes,
867 2541 967 2576 sellas
999 2541 1157 2576 nimirum
1189 2553 1266 2577 cum
1297 2542 1454 2588 apicibus
1479 2541 1660 2577 muscariis
1683 2545 1720 2577 et

262 2589 364 2622 frena
387 2587 487 2622 simul
512 2598 587 2621 cum
610 2587 761 2633 phaleris
783 2599 825 2622 ac
848 2587 982 2621 floccis.

354 2655 517 2689 Ceterum
543 2655 726 2690 comitatus
749 2665 912 2701 equorum
939 2654 999 2699 qui
1024 2665 1123 2688 manu
1146 2655 1335 2700 ducuntur,
1369 2654 1506 2701 quando
1529 2654 1719 2700 imperator

264 2700 409 2745 equitat,
434 2701 497 2734 tali
521 2713 564 2735 ex
587 2701 769 2735 occasione
793 2700 971 2735 exstitisse
993 2700 1117 2734 fertur.
1164 2702 1255 2735 fama
1272 2707 1326 2736 est
1339 2702 1580 2747 imperatorem
1597 2701 1720 2734 Theo-

266 2747 394 2792 philum
424 2747 534 2780 fuisse
563 2747 718 2782 iustitiae
740 2752 923 2783 amantem.
970 2757 1045 2780 cum
1068 2746 1177 2790 igitur
1199 2748 1347 2792 quodam
1369 2754 1525 2792 tempore
1548 2757 1637 2791 equo
1660 2746 1717 2780 in-

266 2793 408 2834 sideret,
435 2792 628 2826 occurrisse
650 2794 748 2828 aiunt
770 2792 939 2839 quandam
963 2791 1206 2836 mulierculam,
1231 2799 1267 2827 et
1289 2793 1453 2827 clamasse
1469 2804 1593 2837 equum
1610 2792 1716 2834 illum,

267 2851 336 2885 quo
359 2839 554 2873 vehebatur
576 2838 784 2884 imperator,
818 2849 914 2873 suum
939 2849 1029 2872 esse.
1077 2838 1303 2883 inquisitione
1324 2840 1420 2873 facta
1441 2837 1614 2882 cognitum
1639 2849 1718 2872 esse

266 2886 445 2922 mulierem
467 2896 552 2920 vera
573 2884 710 2929 dicere,
737 2896 860 2931 equum
883 2884 973 2920 enim
994 2884 1104 2930 ipsius
1129 2896 1227 2929 csse,
1255 2885 1439 2931 eparchum
1462 2887 1576 2918 autem
1600 2884 1636 2918 vi
1658 2891 1723 2918 ra:
