1864 3164
272 206 372 251 256
482 206 758 251 GRETSERI
779 206 852 250 ET
872 204 1046 250 GOARI
1069 205 1510 252 COMMENTARIUS

383 329 420 369 p.
442 319 496 358 32
514 330 549 355 v.
569 318 635 359 20.
675 314 944 367 chrysobullas]
977 315 1120 354 Graece
1145 311 1195 356 τοὶ
1213 310 1487 370 χρυσόβουλλα
1515 320 1556 356 et
1585 314 1733 372 χρυσό-

267 371 396 426 βουλα
421 386 528 412 aurea
560 374 669 412 bulla.
713 386 736 411 a
765 372 886 423 sigillo
913 385 1048 411 nomen
1073 373 1124 412 ad
1147 373 1314 423 integras
1345 373 1472 412 literas
1505 374 1617 413 venit.
1646 374 1734 414 hinc

267 429 380 468 etiam
404 431 688 468 constitutiones
713 430 931 480 pontificum
947 429 1202 468 Romanorum
1227 429 1345 468 bullae
1364 431 1558 482 dicuntur,
1587 435 1627 468 et
1655 432 1737 470 bul-

266 486 396 524 larium
416 487 507 524 liber
525 488 563 524 in
584 499 658 536 quo
686 486 770 524 illae
801 486 930 524 literae
957 499 1023 524 seu
1045 485 1167 525 bullae
1185 486 1432 525 continentur.
1463 486 1562 526 bulla
1581 488 1734 539 proprie

267 546 326 580 est
347 542 529 581 orbiculus
551 556 617 581 seu
642 547 899 581 ornamentum
925 542 1108 581 circularis
1136 544 1298 594 formae,
1326 555 1489 594 superne
1512 543 1677 582 clausum
1695 548 1736 582 et

267 599 369 636 intus
399 600 520 637 cordis
548 599 706 650 figuram
734 599 888 638 habens.
925 599 1011 638 olim
1037 599 1216 651 pueritiae
1244 599 1530 651 appendebatur
1555 603 1736 649 tanquam

269 655 470 694 amuletum
489 661 619 694 contra
637 657 909 695 fascinationes,
939 657 986 695 ab
1006 657 1075 695 hac
1102 656 1296 694 orbiculari
1314 656 1436 706 figura
1452 656 1553 694 bulla
1576 656 1739 695 transla-

270 715 350 749 tum
369 716 428 750 est
452 725 587 750 nomen
606 714 655 751 ad
674 713 814 764 sigilla,
845 725 942 762 quae
969 713 1083 751 literis
1110 713 1396 764 appenduntur:
1425 716 1514 751 sunt
1541 713 1640 750 enim
1667 713 1740 750 cir-

271 768 404 806 cularis
427 769 590 820 figurae3
632 774 671 808 et
698 770 787 820 quia
820 769 1006 807 nonnullis
1033 770 1147 808 literis
1173 769 1460 822 appendebatur
1487 782 1598 808 aurea
1626 769 1739 815 bulla,

274 825 501 873 quibusdam
514 827 700 878 plumbea,
731 826 952 875 quibusdam
971 839 1084 875 cerea,
1105 826 1192 864 hinc
1210 827 1348 864 factum
1367 830 1427 864 est
1444 829 1487 864 ut
1505 826 1609 876 ipsae
1626 826 1740 863 etiam

273 880 402 920 literae
422 883 469 920 ab
489 883 560 921 hoc
578 883 699 934 sigillo
717 888 937 921 vocarentur
956 883 1076 922 bullae
1095 896 1228 921 aureae
1246 883 1304 920 vel
1322 883 1445 921 bullae
1464 881 1659 934 plumbeae
1679 881 1741 920 vel

275 937 398 975 bullae
419 952 558 990 cereae,
579 940 749 977 nimirum
768 937 1051 992 χρυσόβουλλα,
1075 939 1338 990 κηρόβουλλα,
1354 953 1378 977 a
1394 935 1688 991 χρυσόβουλλον
1701 942 1742 976 et

276 992 568 1047 κηρόβουλλον.
590 997 828 1048 cluysobullae
840 1009 1019 1034 summam
1034 997 1290 1034 auctoritatem
1310 996 1540 1046 obtinebant,
1553 995 1742 1046 subscrip-

276 1054 339 1088 tae
355 1064 467 1090 manu
485 1053 719 1103 imperatoris
734 1050 800 1092 διὰ
816 1051 1089 1106 κινναβάρεως
1102 1053 1288 1091 cinnabari
1304 1051 1389 1104 (seu
1402 1051 1575 1104 rubrica).
1595 1052 1687 1102 quin
1701 1054 1741 1089 et

274 1120 401 1146 cruces
414 1109 601 1146 interdum
620 1109 820 1147 addebant.
843 1109 1032 1147 Phranzes
1050 1108 1073 1147 l.
1095 1111 1119 1149 3
1141 1108 1188 1149 4:
1217 1113 1404 1160 imperator
1422 1121 1529 1147 manu
1550 1121 1618 1147 sua
1632 1122 1671 1146 eo
1685 1110 1741 1146 υἰ-

275 1164 378 1203 dente
397 1169 466 1203 tres
480 1179 598 1203 cruces
619 1167 802 1204 cinnabari
818 1169 856 1204 in
866 1165 985 1216 fronte
1004 1166 1121 1203 bullae
1138 1165 1187 1203 ad
1205 1166 1497 1217 confirmationem
1512 1178 1578 1216 pro
1597 1177 1740 1202 consue-

276 1221 398 1258 tudine
416 1224 600 1272 exprimit,
631 1221 828 1273 bullamque
846 1235 988 1260 auream
1012 1223 1129 1272 legato
1146 1223 1184 1259 in
1203 1235 1328 1260 manus
1347 1222 1472 1260 tradit.
1500 1221 1612 1259 etiam
1630 1220 1744 1258 hodie

273 1276 402 1327 literis,
418 1278 635 1328 praesertim
648 1282 916 1328 contractuum,
936 1279 1078 1330 apponi
1095 1278 1191 1316 solet
1209 1278 1369 1329 thecula‚
1389 1277 1591 1327 aliquando
1604 1277 1743 1328 lignea,

275 1333 479 1383 aliquando
499 1347 545 1372 ex
562 1334 718 1384 lamina,
748 1335 948 1383 aliquando
967 1347 1012 1372 ex
1042 1347 1138 1387 pura
1170 1347 1272 1385 cera,
1300 1335 1339 1372 in
1362 1336 1464 1372 cuius
1491 1334 1614 1372 medio
1639 1332 1744 1383 sigil-

273 1389 351 1427 lum
371 1391 525 1441 exprimi
543 1390 650 1428 solet.
679 1391 770 1428 haec
790 1391 937 1429 thecula
956 1403 1075 1440 aeque
1099 1395 1198 1430 recte
1215 1391 1409 1429 vocabitur
1438 1391 1537 1429 bulla
1563 1403 1607 1428 ac
1633 1390 1745 1428 theca

274 1446 338 1484 illa
356 1447 621 1497 imperatorum
642 1447 878 1485 Graecorum.
907 1447 993 1485 hinc
1022 1443 1252 1499 βουλλεύειν
1283 1447 1419 1485 bullare
1445 1446 1503 1484 vel
1536 1446 1744 1496 generatim

275 1503 399 1542 literas
416 1505 582 1553 signare,
609 1504 686 1541 sive
705 1505 777 1542 hoc
796 1516 864 1555 per
893 1503 1030 1541 bullam
1055 1503 1121 1541 fiat
1149 1504 1226 1542 sive
1248 1503 1392 1553 absque
1414 1502 1536 1550 bulla3
1564 1506 1604 1540 et
1623 1503 1745 1554 βουλ-

274 1557 473 1613 λωτήριον
486 1559 668 1610 sigillum,
687 1560 827 1611 forma,
846 1560 885 1598 in
905 1572 981 1610 qua
1000 1559 1123 1598 bullae
1141 1560 1407 1612 exprimuntur.
1435 1560 1597 1598 incertus
1613 1561 1745 1597 auctor

274 1615 377 1667 apud
404 1615 690 1666 Etymologum:
732 1614 863 1669 ὥσπερ
891 1617 947 1664 εἰς
973 1613 1017 1656 τὸ
1045 1612 1342 1668 βουλλωτήριον
1368 1613 1592 1667 τυπόμενος
1624 1613 1648 1655 ὅ
1676 1611 1748 1667 μό-

274 1673 423 1723 λυβδος
440 1670 571 1714 τύπον
591 1677 703 1714 ποιεῖ
717 1672 785 1713 καὶ
811 1669 946 1713 εἰκόνα
965 1667 1159 1712 ἀποτελεῖ.
1195 1676 1234 1711 et
1257 1673 1337 1712 sine
1358 1672 1471 1712 dubio
1489 1671 1613 1710 bullae
1629 1671 1747 1723 impe-

275 1729 438 1768 ratoriae
456 1729 690 1781 imperatoris
709 1730 908 1782 imaginem
927 1729 1273 1781 repraesentabant.

369 1816 457 1852 ibid.
502 1816 550 1851 nil
573 1817 778 1852 communius
800 1828 899 1863 quum
925 1815 1176 1864 χρυσόβουλον
1199 1816 1273 1850 sive
1295 1811 1567 1861 χρυσόβουλλον
1593 1814 1748 1859 impera-
1791 1839 1794 1842 .

279 1861 364 1896 toris
396 1863 618 1905 mandatum,
654 1865 948 1908 constitutionem,
987 1865 1165 1908 diploma,
1199 1863 1424 1906 rescriptum,
1463 1861 1746 1905 chirographum,

279 1909 458 1943 codicillos
480 1908 687 1952 significare.
734 1914 772 1944 at
795 1921 860 1943 non
883 1920 926 1944 ex
949 1921 990 1943 eo
1015 1909 1106 1954 quod
1131 1908 1240 1943 aureis
1265 1907 1374 1941 literis
1397 1906 1616 1947 scriberetur,
1641 1909 1678 1938 ut
1692 1905 1747 1938 in-

279 1953 353 1987 nuit
378 1953 572 1998 Meursius,
612 1955 674 1989 sed
698 1955 788 2001 quod
811 1955 920 1999 sigillo
943 1955 1018 1989 sive
1041 1956 1137 1989 bulla
1161 1964 1284 1996 aurea,
1321 1953 1410 1996 quod
1441 1952 1475 1985 in
1498 1951 1548 1984 eis
1571 1950 1747 1996 scriptum,

281 1998 489 2040 muniretur3
518 2011 708 2044 quanquam
740 2001 817 2034 olim
849 2001 950 2034 etiam
971 2001 1084 2035 aureis
1103 1999 1211 2033 literis
1236 1997 1411 2042 scripsisse
1430 2007 1494 2030 non
1516 1995 1747 2040 denegandum

281 2043 493 2088 Luitprando
519 2045 662 2079 dicenti:
687 2044 971 2090 χρυσοβούλιον,
995 2046 1034 2078 id
1060 2050 1110 2079 est
1135 2044 1315 2089 epistolam
1340 2054 1426 2076 auro
1451 2043 1653 2085 signatam,
1679 2043 1747 2076 mi-

281 2089 321 2123 hi
346 2090 512 2123 dederunt
539 2092 634 2124 vobis
655 2091 763 2134 (regi)
791 2092 1027 2134 deferendam.
1075 2091 1231 2124 tulerunt
1253 2093 1368 2122 autem
1392 2093 1424 2122 et
1441 2088 1532 2120 alias
1547 2087 1669 2121 literas
1686 2098 1749 2121 ar-

282 2139 389 2179 gento
417 2136 598 2180 signatas,
634 2147 655 2169 a
678 2136 872 2179 curopalate
899 2135 1112 2181 imperatoris
1135 2137 1243 2168 fratre
1266 2133 1308 2167 ad
1337 2135 1522 2168 Romanum
1555 2132 1750 2177 pontificem

281 2180 414 2214 missas.
461 2179 619 2225 deinceps
645 2191 729 2214 vero
754 2181 862 2215 literis
883 2191 1054 2226 purpureo
1078 2181 1211 2225 liquore
1232 2179 1344 2214 ductis
1366 2178 1578 2222 subsignavit
1599 2177 1748 2223 impera-

281 2229 349 2260 tor.
396 2225 448 2259 his
480 2225 681 2260 testimoniis
715 2230 894 2271 utrumque
926 2226 1045 2271 liquet.
1094 2226 1240 2260 Nicetae
1265 2226 1299 2259 in
1322 2224 1482 2260 Manuele
1508 2223 1629 2258 Comu.
1653 2223 1678 2257 l.
1704 2225 1747 2259 4:

279 2267 528 2316 ἐρυθροὸάνῳ
556 2268 789 2315 ἐνσημανθὲν
812 2268 935 2316 ἀφῆκε
958 2269 1210 2316 γραμμάτιον,
1230 2271 1413 2306 cinnabari
1433 2271 1614 2315 signatum
1633 2269 1748 2304 emisit
1767 2310 1769 2313 ι

283 2318 492 2352 codicillum.
539 2317 701 2351 inferius:
728 2318 792 2362 τῆς
816 2317 1004 2363 βασιλικῆς
1028 2318 1152 2363 βαφῆς
1174 2315 1389 2360 δελτάριον,
1411 2316 1518 2361 regii,
1540 2314 1574 2348 id
1598 2318 1650 2348 est.
1665 2326 1747 2361 pur-

283 2363 400 2408 purei,
431 2363 555 2398 coloris
591 2364 743 2399 tabulae.
789 2363 811 2397 1.
843 2365 884 2399 7:
917 2364 969 2408 τῷ
999 2358 1149 2406 ἐρυθρῷ
1173 2362 1238 2406 τῆς
1262 2361 1445 2409 βασιλείου
1470 2360 1593 2414 βαφῆς
1616 2357 1664 2400 ὥς
1688 2360 1750 2414 oct}

281 2420 371 2454 ματι
395 2405 624 2454 α’ναθάλψας
648 2405 820 2450 ἐζώωσεν.
870 2409 1017 2442 Cedreni
1037 2409 1071 2443 in
1105 2408 1248 2443 Tiberio
1281 2411 1320 2444 1:
1360 2405 1655 2451 α’σφαλισαμενος
1683 2405 1750 2440 δια

282 2454 490 2499 σφραγῖδος
522 2456 655 2500 χρυσῆς
684 2454 753 2488 τοῦ
790 2450 840 2498 μὴ
873 2454 1052 2498 πολεμίως
1083 2450 1317 2498 ἐπέρχεσθαι.
1365 2451 1485 2487 Basilii
1513 2450 1548 2484 in
1579 2451 1750 2497 porphyra

285 2501 379 2534 nati:
416 2499 481 2535 καὶ
505 2499 595 2535 ὥστε
619 2498 768 2544 ἀσφαλῆ
790 2498 855 2534 καὶ
878 2496 1111 2544 ἀμετάθετον
1134 2498 1233 2534 εἶναι
1255 2496 1324 2544 τὴν
1347 2498 1542 2540 παροῦσαν
1564 2494 1750 2540 διάταξιν,

284 2544 404 2592 οἰκείᾳ
427 2545 518 2590 χειρὶ
537 2544 886 2591 ὑποσημηνοὲμενοι,
908 2546 1024 2591 χρυσῇ
1046 2546 1222 2591 σφραγῖδι
1244 2541 1383 2589 ταύτην
1396 2542 1750 2587 ὑποσφραγισθῆναι

285 2591 553 2635 διωρισάμεθα.
600 2592 788 2637 Nicephori
822 2592 1042 2626 Botaniatae:
1081 2590 1146 2625 καὶ
1167 2588 1236 2636 γὰρ
1260 2586 1572 2634 ἔπισφραγίζουσα
1594 2584 1619 2631 ἡ
1644 2586 1749 2632 βασι-

287 2636 366 2670 λεία
388 2649 460 2681 μου
484 2635 531 2672 τοὶ
556 2637 751 2683 κεκριμένα
780 2637 899 2677 καλῶς
928 2634 991 2670 noel
1025 2633 1324 2681 οἰκονομηθὲντα
1355 2633 1572 2677 συνοὸικῶς,
1606 2630 1670 2667 καὶ
1702 2628 1746 2667 τὰ

285 2680 409 2725 παρὸν
433 2679 583 2725 ἐξέθετο
607 2681 880 2729 χρυσόβουλλον
902 2680 954 2722 εἰς
977 2679 1195 2727 ἐπικύρωσίν
1217 2693 1257 2717 τε
1281 2679 1346 2716 καὶ
1376 2676 1618 2722 στερεότητα,
1650 2674 1746 2712 ’ὓπο-

286 2726 525 2774 σημηναμένη
562 2726 602 2763 ἐν
633 2727 735 2776 αὐτῷ
765 2725 812 2763 δι’
841 2723 1012 2772 ἔρυθρῶν
1041 2725 1284 2774 γραμμάτων,
1318 2724 1382 2762 καὶ
1415 2721 1480 2760 διὰ
1504 2720 1646 2779 τούτων
1678 2720 1750 2768 τὴν

287 2770 472 2817 ἀλήθειαν
495 2773 757 2820 φανερωτέραν
777 2771 1080 2819 ὑπαγορεύουσα,
1119 2771 1288 2818 κορώνην
1319 2769 1438 2814 ὥσπερ
1469 2769 1518 2814 δη
1551 2780 1643 2823 τινα,
1659 2780 1747 2813 χρυ-

287 2818 358 2862 ΰῆν
381 2816 451 2863 τὴν
473 2817 625 2865 ἀληθῶς
647 2821 835 2866 σφραγῖδα
857 2817 975 2867 τούτῳ
999 2816 1290 2865 α’παιωρήσασα,
1321 2814 1366 2852 τὸ
1396 2814 1576 2869 ἡμέτερον
1604 2809 1749 2858 ευσεβὲς

293 2864 358 2901 καὶ
380 2863 665 2913 θεοπρόβλητον
680 2865 940 2913 ὑπεσημήνατο
963 2863 1108 2912 κράτος.
1157 2864 1267 2901 Alexii
1283 2862 1462 2906 comneni,
1487 2871 1546 2907 qm
1561 2863 1597 2895 et
1610 2869 1750 2895 aureum
