1864 3164
535 148 599 194 IN
633 147 830 193 comm
868 147 979 193 CAP.
1015 147 1075 194 V.
1437 146 1534 194 251

71 257 159 292 ‘dem
181 253 336 293 ambienti
357 258 529 303 ereptum,
550 253 642 302 μετὰ
665 257 732 302 τῆς
753 251 1039 302 ἱρυθροβαφοῦς
1065 251 1298 301 ἐφεστρίὸος,
1320 255 1358 290 ut
1379 253 1455 301 ipsa
1471 254 1538 290 ite·

85 314 159 338 rum
181 302 206 338 1.
227 302 252 338 4
272 305 431 337 testatur.

174 370 222 406 ib.
242 379 280 405 v-
304 369 359 405 18.
380 366 465 412 περὶ
485 369 560 404 τῶν
582 369 723 413 συρτῶν
746 368 916 404 Meursius
940 367 1082 403 erudite.

179 426 228 462 ib.
249 436 286 462 v-
307 426 366 461 20.
384 425 670 472 καβαλλαρίκιον
692 427 923 470 catadromus,
946 426 1140 462 domitur-ae
1164 434 1286 470 mena,
1308 425 1468 470 managa.
1506 423 1543 458 in

93 471 220 520 palatio
234 496 246 513 ‚
267 470 303 504 id
323 475 376 505 est
396 470 431 505 in
454 481 555 505 areae
577 478 687 518 parte.

181 539 216 574 p.
231 527 326 562 θῦν.
343 527 378 562 7.
412 530 609 584 stragulgem
631 526 828 584 ephippium
852 530 906 561 est
928 523 1096 581 cdyzqaoe.
1142 525 1216 560 Leo
1240 525 1488 560 Grammaticus
1509 525 1550 581 in

93 571 644 664 ἓῗεῖἷῖιὲπῇῗῖἳῗίἦιὲἷῖἒῖ.
659 570 1096 663 αἶῖῑῖνεξῖιῗτῶῗὲὲῖῗέἕῖ
1129 567 1170 607 ³⁹
1190 573 1244 620 τῷ
1267 572 1459 618 ⁶“⁷‘⁶“⁰‘“
1479 583 1549 606 ‘⁰²'

205 676 292 716 ibid.
341 676 609 729 σκαπουλίων]
638 678 692 716 ita
711 676 909 728 legendum
922 677 1003 715 loco
1022 675 1119 712 illius
1141 675 1382 716 καπουλίων.
1574 685 1604 722 Ρ
1627 683 1696 721 205

185 740 271 776 ibid.
294 738 536 784 σκαπουλίων]
572 751 713 784 sensus,
738 751 805 775 non
834 741 928 775 vocis
960 751 1062 774 sonus
1096 739 1284 775 venandus.
1329 737 1556 776 σκαποῦλιον

97 787 230 832 quidem
251 786 394 820 Latinae
411 787 572 831 scapulae
594 797 677 820 sono
701 787 827 828 simile,
859 791 896 821 at
915 797 1018 820 sensu
1041 786 1143 829 longe
1166 790 1350 829 semotum,
1381 797 1456 819 cum
1493 798 1556 832 op-

98 833 239 878 positam
270 833 344 866 fere
374 831 523 866 animalis
553 837 680 877 partem
706 833 858 874 referat,
891 836 1030 877 tergum
1062 831 1220 865 videlicet
1243 843 1285 866 ac
1307 832 1392 866 imos
1414 833 1556 868 lumbos.

98 875 306 921 ξεκοὶπουλα
326 876 449 921 vulgus
470 877 616 922 profert;
648 878 691 911 de
714 878 835 922 quibus
865 877 978 911 Simon
1010 876 1169 910 Pettius:
1203 873 1413 919 ξεκοὶπουλα
1449 874 1558 922 οὖρο-

56 961 58 963 ,
98 921 250 968 xrs-ysam!
272 922 342 957 τοῦ
361 921 502 966 ἵππου,
533 927 670 967 tergum
702 924 805 968 equi;
837 934 899 957 nos
922 924 960 956 la
985 934 1110 967 croupe
1133 923 1180 956 clu
1203 923 1336 957 cheval.
1382 923 1556 969 Hierony-

99 980 172 1003 mus
193 969 382 1002 Germanus
402 967 436 1001 in
458 968 700 1002 Italo-Graeco
724 969 957 1002 vocabulario:
995 969 1033 1002 la
1063 979 1200 1013 groppa
1231 968 1286 1002 del
1318 970 1474 1014 cavallo,
1506 965 1555 1003 τα).

99 1010 323 1057 geniumne.
369 1017 487 1047 auctor
515 1025 619 1058 porro
655 1025 814 1059 equorum
847 1014 982 1055 comiti,
1013 1013 1107 1056 regio
1140 1024 1227 1058 equo
1257 1013 1437 1055 insidenti,
1468 1025 1557 1048 nun-

101 1069 200 1105 quam
221 1063 329 1093 totum
351 1058 544 1104 ephippium
567 1059 716 1103 sagulum
741 1059 784 1093 ad
810 1071 919 1093 armos
944 1064 977 1092 et
1002 1059 1122 1092 collum
1155 1069 1282 1102 usque,
1313 1059 1373 1093 sed
1407 1059 1450 1093 ad
1484 1071 1558 1093 me-

100 1105 189 1138 diam
209 1108 339 1139 tantum
360 1103 508 1149 ephippii
528 1104 639 1138 sedem
662 1105 831 1139 substerni
863 1105 1002 1142 scribit3
1038 1104 1127 1148 quod
1159 1104 1259 1137 etiam
1292 1115 1313 1138 a
1346 1105 1559 1150 pedissequis

101 1149 238 1184 honoris
246 1159 338 1228 ἔτεα
357 1149 509 1183 dominos
530 1160 633 1185 causa
656 1150 805 1186 videmus
828 1150 1016 1191 observari,
1038 1149 1068 1183 si
1090 1149 1291 1195 quandoque
1311 1149 1435 1184 heriles
1451 1161 1558 1196 equos

102 1206 244 1230 conscen
269 1198 338 1229 ant.

211 1244 258 1282 ib.
277 1255 312 1280 v.
333 1241 398 1283 10.
426 1242 698 1294 στρατορίκιον
710 1243 804 1280 verti
818 1255 900 1280 cum
921 1241 1126 1293 Glossario,
1153 1241 1287 1293 locum,
1306 1242 1345 1280 in
1364 1255 1438 1291 quo
1460 1246 1559 1280 stra-

102 1304 164 1338 tor
182 1299 443 1352 imperatorem
463 1299 502 1336 in
526 1311 663 1348 equum
691 1299 883 1338 sublevare
894 1298 1014 1347 solet3
1041 1299 1113 1338 nisi
1132 1300 1248 1338 mavis
1267 1299 1423 1337 reddere
1438 1299 1561 1338 locum

101 1356 140 1394 in
160 1367 235 1405 quo
255 1355 341 1404 equi
364 1358 590 1394 sternuntur.

191 1418 278 1453 ibid.
313 1422 498 1452 stratorum
526 1419 621 1453 locus
647 1421 684 1453 et
717 1417 820 1452 statio
852 1421 906 1452 est
936 1417 1214 1462 aspernabitur,
1251 1429 1318 1452 non
1351 1417 1382 1451 is
1417 1428 1484 1463 quo
1514 1417 1563 1452 illi

104 1465 283 1500 sublevant
298 1462 534 1509 imperatorem
556 1463 591 1497 in
613 1474 753 1508 equum,
775 1459 936 1508 πὲζευμα
958 1463 1025 1497 iam
1049 1465 1093 1497 ab
1119 1469 1255 1497 auctore
1277 1467 1447 1498 vocatum.

194 1521 241 1555 ib,
263 1530 299 1554 v,
326 1519 379 1554 14.
404 1518 623 1563 ephippiaria
643 1520 742 1564 pila,
776 1530 844 1564 qua
875 1519 1085 1564 apprehensa
1109 1518 1222 1553 exsilit
1245 1529 1349 1563 eques
1367 1519 1402 1553 in
1429 1529 1565 1565 equum,

108 1569 163 1601 est
183 1561 411 1609 κομπῶσιον,
441 1563 534 1608 quod
557 1564 602 1598 sit
625 1563 772 1609 ephippii
795 1561 960 1618 κόμῖτος,
994 1564 1036 1597 de
1069 1575 1136 1608 quo
1161 1574 1276 1609 supra.
1325 1570 1566 1599 annumeratur

107 1622 190 1644 vero
213 1609 395 1655 ephippio,
419 1614 457 1642 ut
477 1609 510 1642 in
533 1609 663 1643 comitis
687 1620 848 1653 equorum
872 1619 922 1642 ius
947 1614 1118 1651 transeat,
1155 1620 1196 1642 eo
1221 1608 1311 1654 quod
1336 1621 1379 1644 ex
1403 1621 1486 1644 auro
1510 1610 1568 1645 la·-

109 1656 196 1702 pillis
216 1659 336 1690 ornato
362 1653 480 1706 confici
501 1654 638 1688 soleret.
682 1653 767 1698 περὶ
788 1655 862 1689 τῶν
883 1654 1032 1698 τουφῶν
1057 1654 1181 1689 dictum
1205 1660 1257 1688 est
1281 1654 1370 1690 alibi.

219 1714 267 1752 ib.
284 1725 318 1751 v.
339 1713 403 1754 15.
439 1712 524 1762 lego
557 1715 722 1764 τουφῶν
742 1726 811 1765 pro
834 1708 1089 1766 φορούντων,
1117 1713 1176 1752 vel
1199 1714 1388 1765 φουτῶν,
1413 1715 1462 1753 de
1491 1727 1568 1766 quo

113 1771 187 1810 iam
204 1783 319 1821 supra
342 1769 450 1816 satis,
481 1782 511 1806 c.
530 1767 568 1809 4.

220 1838 268 1877 ib.
297 1848 330 1874 v.
359 1839 420 1878 18.
460 1837 506 1874 de
530 1835 738 1887 Theophilo
763 1836 849 1887 imp.
880 1836 1055 1875 acerrimo
1074 1836 1299 1875 iconoclasta
1319 1836 1402 1888 lege
1428 1838 1570 1878 Cedre-

110 1906 200 1932 num
226 1893 411 1931 Zonaram
438 1892 648 1930 Manassem
677 1892 843 1942 Glycam.

199 1957 284 1992 ibid.
324 1953 506 1999 Θεόφιλον
537 1955 641 2000 φασί]
674 1956 847 1999 diffusius,
880 1961 917 1992 at
947 1957 983 1991 in
1018 1957 1158 1992 eandem
1198 1961 1341 1992 mentem
1372 1962 1489 1993 narrat
1518 1959 1571 1993 hi-

112 2001 248 2038 storiam
271 2001 461 2036 Cedrenusz
485 2000 650 2042 diversam
676 2002 780 2036 habet
803 2002 874 2036 Leo
899 2003 1148 2038 Grammaticus
1171 2003 1206 2038 in
1229 2003 1437 2050 Theophilo.
1485 2017 1570 2040 con-

114 2050 204 2083 feret
225 2052 403 2092 utrumque
423 2047 553 2091 lector,
578 2047 633 2081 ubi
657 2047 712 2081 hic
734 2048 839 2082 lucem
865 2049 1051 2094 aspexerit.

225 2118 263 2157 p.
283 2107 337 2146 31
359 2118 392 2143 v.
413 2107 450 2147 8.
479 2105 685 2143 rucharium
698 2107 921 2146 vestiarium.

204 2170 290 2205 ibid.
335 2170 533 2204 vestiarium
564 2174 636 2211 est,
674 2170 763 2205 sicut
796 2175 832 2205 et
864 2170 1091 2217 βεστιοῖριονε
1133 2174 1172 2205 ut
1206 2170 1416 2206 nihilominus
1453 2171 1572 2206 subin-

117 2215 261 2250 dicatum
284 2213 327 2248 ab
351 2219 488 2248 auctore
512 2215 687 2249 discrimen
710 2217 797 2250 inter
819 2222 997 2263 utrumque
1020 2219 1259 2258 observemus,
1284 2217 1459 2251 dicendum
1486 2214 1574 2261 ῥὀυ-

116 2263 266 2306 χαρεῖον
291 2271 367 2293 esse
389 2259 662 2294 cubiculariorum
685 2262 845 2296 conclave
868 2263 911 2297 ad
934 2274 1066 2298 sacrum
1098 2263 1298 2297 cubiculum.
1344 2263 1438 2296 favet
1468 2273 1574 2305 syuo-

118 2307 181 2340 dus
207 2305 403 2339 Florentina
434 2305 558 2338 ultimis
590 2317 676 2349 pene
706 2307 841 2348 verbis,
875 2319 961 2354 quae
991 2320 1056 2343 non
1091 2308 1125 2342 in
1156 2319 1253 2342 sacro
1276 2307 1429 2340 cubiculo
1454 2307 1513 2340 sed
1538 2307 1575 2340 in

118 2351 270 2386 conclavi
293 2349 477 2392 viciniore,
511 2347 551 2383 ἐν
572 2350 624 2396 τῷ
651 2348 850 2396 ᾇουχαρείῳ
875 2354 943 2388 τοῦ
975 2350 1168 2400 βασιλέως,
1208 2354 1363 2386 Graecos
1393 2352 1573 2397 pontifices
1603 2385 1605 2387 .

120 2402 213 2430 tomo
238 2395 366 2429 unionis
388 2394 636 2430 subscribentes
654 2398 858 2433 manifestat.

229 2444 317 2482 ibid.
339 2438 479 2492 σπάθη
499 2444 636 2493 spatha,
654 2446 761 2484 ensis.
781 2446 991 2496 spatharius
1010 2445 1138 2496 ensifer
1151 2445 1209 2483 vel
1223 2444 1373 2489 satelles,
1396 2455 1579 2494 σωματο-

121 2495 264 2550 φύλαξ.
290 2499 632 2550 protospatharius,
656 2502 794 2552 primus
808 2502 904 2540 inter
922 2503 1146 2554 spatharios,
1164 2500 1578 2551 spatharocandidatus.

123 2551 659 2607 σπαθαροκουβικουλάριος,
686 2559 890 2608 spatharius
923 2559 1174 2596 cubicularius.
1213 2556 1411 2606 spathatus
1441 2557 1580 2606 spatha

124 2612 296 2649 munitus,
327 2612 482 2650 σπαθία
505 2612 682 2660 spathula.
721 2614 768 2650 de
796 2614 930 2663 quibus
959 2615 1043 2650 vide
1079 2612 1282 2650 Meursium
1310 2616 1349 2648 et
1375 2611 1580 2662 Rigaltium

125 2667 164 2703 in
189 2667 396 2704 Glossariis.
421 2680 466 2704 ex
484 2667 638 2716 dialogis
667 2668 705 2705 S.
730 2669 899 2719 Gregorii
915 2683 991 2708 non
1006 2670 1157 2718 ignotus
1173 2671 1231 2704 est
1255 2668 1467 2717 spatharius
1483 2670 1581 2719 regis

128 2722 286 2760 Totilae.
316 2727 354 2760 et
372 2723 474 2816 apud
494 2723 689 2762 nonnullos
718 2725 923 2765 Germanos
945 2726 1230 2764 instrumentum
1249 2725 1439 2774 quoddam
1463 2726 1582 2764 fosso-

128 2779 220 2815 rium
242 2781 298 2817 ein
315 2783 394 2831 spat
421 2810 430 2820 .
