1820 3178
294 883 645 954 LIBER
708 883 1376 961 SECUNDUS.

594 1030 637 1081 c
675 1032 972 1106 APU'n
1038 1037 1072 1084 ι

138 1084 157 1105 9

115 1189 232 1256 Post
270 1213 426 1254 indicem
459 1215 660 1254 officiorum
693 1221 733 1255 et
773 1217 980 1257 officialium
1017 1230 1174 1269 magnae
1205 1218 1377 1258 ecelesiae
1415 1218 1562 1257 subiicit

117 1273 283 1310 Codinus
315 1272 522 1322 catalogum
553 1273 753 1311 officiorum
787 1279 826 1312 et
871 1274 1077 1312 officialium
1111 1275 1216 1314 aulae
1244 1275 1487 1329 Cpolitanae‚
1523 1279 1563 1313 et

116 1329 266 1377 quidem
288 1328 399 1378 longe
414 1330 671 1383 accurafiorem
697 1342 807 1380 quam
830 1332 880 1368 sit
903 1331 1004 1381 prior
1034 1331 1103 1370 ille.

226 1396 335 1434 Circa
360 1396 634 1446 inscriptionem
662 1400 700 1434 et
724 1396 870 1434 titulum
896 1397 1004 1435 huius
1036 1398 1151 1449 partis
1188 1410 1264 1435 mss
1303 1398 1446 1437 codices
1484 1410 1563 1436 nou

116 1453 360 1490 conveniunt:
397 1464 483 1489 nam
511 1452 675 1490 Bavarici
697 1453 749 1489 ita
776 1452 930 1490 habent:
969 1451 1018 1493 τοῖ
1045 1450 1217 1504 ὄφφίκια
1240 1457 1311 1493 τοῦ
1332 1454 1562 1495 παλλατίου.

115 1508 172 1548 ἔτι
194 1506 237 1548 δὲ
264 1506 331 1547 καὶ
360 1504 429 1554 τοὶς
456 1504 583 1555 τάξεις
613 1504 683 1555 ταὶς
713 1508 927 1559 γενομένας
952 1508 995 1548 ἐν
1023 1513 1110 1556 ταῖς
1136 1508 1289 1560 ἑορταῖς
1312 1510 1369 1557 εἰς
1397 1507 1443 1550 τό
1462 1513 1564 1549 παλ-

117 1559 274 1611 λᾶτιον,
311 1561 379 1602 καὶ
406 1565 491 1609 πῶς
523 1561 595 1602 τόν
624 1561 784 1614 βασιλέα
813 1562 1028 1614 στέφεσθαι
1057 1565 1139 1612 δεῖ,
1177 1563 1246 1604 καὶ
1268 1564 1357 1616 περὶ
1385 1562 1563 1617 προβλή-

118 1631 216 1666 σεως
243 1614 429 1659 δεσπότου
459 1617 526 1657 καὶ
554 1614 814 1669 πατριάρχου,
842 1618 910 1658 καὶ
934 1618 1043 1659 ἐθῶν
1070 1618 1288 1673 γινομένων
1326 1619 1368 1660 ἐν
1386 1624 1442 1672 τῷ
1460 1624 1562 1660 παλ-

116 1676 246 1727 λατίῳ.
300 1674 430 1712 eodem
460 1674 573 1710 ferme
597 1674 709 1711 modo
730 1674 844 1710 codex
871 1673 1112 1724 Augustanus
1144 1679 1183 1712 et
1200 1676 1454 1727 apographum
1475 1677 1562 1714 inde

117 1734 327 1780 sumptum,
360 1730 496 1767 citante
525 1729 640 1767 Iunio.
699 1735 772 1767 tres
795 1730 854 1766 alii
880 1730 962 1768 libri
990 1731 1095 1782 plura
1122 1732 1243 1769 adhuc
1269 1733 1464 1784 ingerunt,
1503 1734 1560 1770 in-

119 1787 238 1824 dicem
268 1786 406 1823 scilicet
433 1789 471 1822 et
499 1789 587 1836 post
614 1786 770 1823 indicem
799 1786 977 1824 scholium
1003 1788 1093 1826 satis
1118 1787 1280 1838 longum.

205 1861 350 1896 Iudicem
383 1859 485 1894 etiam
515 1862 564 1901 A,
598 1860 756 1895 scholium
786 1861 887 1906 Regii
908 1862 977 1899 alii.
999 1862 1050 1896 ita
1072 1862 1158 1898 enim
1181 1864 1334 1899 Gnarus:
1372 1864 1421 1898 Se
1454 1863 1563 1898 moni-

117 1909 210 1947 tum,
252 1906 308 1940 ubi
347 1907 594 1952 praefaremur,
638 1906 826 1940 meminisse
868 1919 988 1952 precor
1027 1909 1212 1951 lectorem,
1250 1922 1270 1944 e
1306 1910 1434 1944 duobus
1472 1910 1561 1943 inte-

116 1951 268 1996 gerrimis
307 1951 553 1996 exemplaribus
588 1951 728 1995 Regiis,
763 1951 955 1996 quibuscum
986 1965 1147 1998 praesens
1180 1965 1265 1999 opus
1299 1955 1444 1998 contuli,
1478 1966 1564 1989 neu-

115 2002 204 2031 trum
237 2002 338 2042 ceput
371 1998 414 2030 de
448 1997 569 2030 officiis
605 1997 769 2032 ecclesiae
807 1998 866 2031 ΟΡ
898 1997 1089 2040 continere;
1135 2002 1238 2044 atque
1270 2001 1319 2034 ita
1351 2005 1510 2044 tanquam
1541 2012 1563 2034 a

117 2042 242 2088 primo,
279 2044 321 2076 ab
353 2043 457 2076 hocce
487 2043 530 2076 de
562 2042 744 2076 nominibus
774 2043 965 2078 officialium
994 2044 1111 2089 palatii
1135 2049 1311 2091 utrumque
1335 2046 1448 2080 ordiri.
1502 2046 1564 2079 ad-

117 2092 228 2121 vertet
257 2087 375 2121 exinde
400 2099 465 2121 non
498 2087 638 2121 eundem
663 2087 699 2121 in
727 2088 827 2122 editis
858 2100 878 2122 a
903 2090 1068 2123 Gretsero
1093 2101 1133 2125 ac
1156 2089 1190 2123 in
1211 2091 1331 2135 Regiis
1362 2102 1436 2125 esse
1467 2092 1562 2136 capi-

118 2138 187 2165 tum
217 2133 319 2166 totius
341 2132 450 2178 operis
482 2133 650 2167 ordinem:
680 2132 758 2176 quin
791 2134 856 2167 imo
880 2134 915 2167 in
938 2145 978 2168 eo
1000 2135 1057 2180 qui
1080 2147 1217 2169 numero
1244 2137 1332 2172 1149
1356 2136 1561 2178 inscribitur,

120 2176 274 2220 quodque
300 2189 319 2210 e
343 2178 470 2211 duobus
494 2179 641 2222 primum
667 2179 732 2222 (A)
758 2179 882 2223 ubique
905 2191 1082 2225 nuncupo,
1108 2181 1275 2216 diversam
1299 2182 1429 2215 omnino
1445 2182 1564 2214 distri-

119 2222 245 2255 buendi
278 2222 357 2256 libri
388 2222 636 2267 dispositionem
668 2229 856 2266 servatam,
882 2225 987 2259 eidem
1020 2226 1145 2271 quippe
1170 2226 1204 2260 in
1230 2227 1402 2261 duodecim
1434 2231 1566 2260 tantum

118 2267 284 2300 sectiones
304 2267 441 2311 singulis
462 2267 533 2302 suis
553 2268 660 2302 titulis
675 2268 859 2303 illustratas
881 2271 1022 2315 partito,
1045 2271 1157 2306 cuncti
1181 2272 1277 2306 simul
1299 2271 1334 2306 in
1355 2271 1429 2317 ipso
1450 2271 1564 2305 limine

117 2311 251 2346 collecti
269 2317 531 2357 praeponuntur.

450 2413 673 2472 Πίναξ
721 2419 844 2463 τοῦ
901 2419 1221 2479 βιβλίου.
1581 2423 1706 2461 Ρ136

235 2506 336 2561 Περὶ
363 2509 434 2558 τῆς
457 2505 603 2557 τάξεως
628 2512 708 2550 τῶν
733 2506 965 2563 ἀξιωμάτων
993 2511 1060 2552 καὶ
1092 2509 1294 2562 ὄφφικίων
1323 2513 1399 2551 τοῦ·
1435 2514 1561 2552 παλα-

122 2563 207 2603 τίου
235 2561 325 2615 ἦτοι
351 2566 422 2614 τῆς
449 2561 677 2617 συγκλήτου.
710 2565 796 2617 (καὶ
831 2570 913 2607 ταῖν
948 2563 1172 2619 ὄφφικίων,
1211 2567 1353 2604 omissis
1394 2570 1469 2608 τοῦ
1505 2589 1562 2596 -

122 2617 340 2672 συγκλήτου
355 2649 366 2668 ,
391 2619 453 2668 Α.)

234 2674 335 2726 Περὶ
353 2677 432 2714 τῶν
451 2670 686 2726 φορεμᾶτων
706 2675 872 2718 ἑκάστου
898 2680 978 2718 τῶν
996 2672 1239 2729 ἀξιωμάτων.
1268 2678 1364 2727 (τῶν
1382 2693 1422 2719 τε
1443 2674 1562 2727 α’ξιω-

125 2724 259 2779 μάτων
283 2729 350 2769 καὶ
370 2727 574 2780 σ’φφικίων
594 2728 658 2781 Α).

237 2785 336 2838 Περὶ
366 2788 437 2839 τῆς
463 2784 682 2838 ὑπηρεσίας
705 2784 869 2829 ἑκάστου
897 2789 978 2826 τῶν
1014 2781 1227 2837 σ’φφικίων.
