1820 3178
230 181 323 226 150
444 180 718 224 GRETSERI
735 181 809 223 ET
833 179 1006 223 GOARI
1024 176 1459 222 COMMENTARIUS

225 287 473 337 πρωτοπαπᾷ,
521 282 611 331 ἔχων
635 281 676 320 δὲ
700 280 807 329 ἔν’τῇ
831 279 1002 332 ἐκκλησίᾳ
1026 280 1074 318 τοὶ
1107 284 1269 329 πρωτεῖα
1300 280 1438 320 ndum
1481 286 1521 320 ut
1550 284 1679 326 παποῖς

227 336 438 371 sacerdotem
452 333 594 374 indicet,
616 331 695 366 vide
711 329 951 374 Euchologiea.

339 401 455 440 Notio
473 406 512 440 et
530 401 634 450 origo
652 399 811 438 nominis
832 399 922 437 satis
941 401 1097 440 constat.
1151 399 1252 449 apud
1272 397 1528 437 Balsamonem
1545 403 1634 438 tom.
1653 401 1674 440 1

228 459 323 499 Iuris
343 458 416 496 GR
435 459 590 508 legimus
613 456 895 507 protopapadas,
915 460 958 494 ut
983 458 1105 493 rectus
1122 455 1172 493 sit
1190 451 1524 507 πρωτοπαπάδης.
1565 456 1681 493 inter-

229 528 314 565 pres
340 513 631 566 primopapadas:
670 513 739 550 sed
781 513 897 550 satius
927 512 1074 550 videtur
1101 511 1141 548 in
1174 511 1232 548 his
1254 515 1293 549 et
1316 510 1494 549 similibus
1524 512 1683 550 retinere

231 571 385 609 Graeca.
442 572 481 607 in
517 568 787 617 Turcograecia
815 567 879 606 fol.
905 569 987 609 218
1011 568 1144 607 dicitur
1175 569 1447 619 πρωτοπαπᾶς
1473 565 1498 608 ὁ
1528 569 1684 619 πρῶτος

231 630 313 667 τῶν
345 625 495 679 ἱερέων.
550 626 630 661 iura
657 624 755 662 illius
790 625 829 664 in
855 624 984 663 eadem
1014 623 1286 674 Tureograecia
1321 622 1388 662 fol.
1421 621 1503 664 258
1532 638 1685 677 πρωτο-

234 683 455 724 παπαδίκια
473 681 716 732 appellantur.

335 752 373 788 p.
392 742 418 780 6
433 751 466 776 v.
486 741 523 778 2.
580 738 757 786 Sequitur
786 735 809 778 ὅ
827 731 1066 788 δευτερεύων
1085 737 1166 775 τῶν
1185 732 1342 787 ἱερέων,
1369 732 1538 772 secundus
1566 746 1687 772 sacer-

235 796 375 842 dotum,
405 789 558 834 εἰσοδεύ
563 809 618 833 ων
637 791 730 839 τοὺς
751 792 867 844 ἱερεῖς
878 822 888 841 ,
920 793 994 830 dux
1009 795 1047 832 et
1065 796 1276 829 antecessor
1293 791 1526 830 sacerdotum
1543 794 1582 827 et
1599 803 1688 840 pro-

236 852 353 889 ximus
378 863 401 888 a
423 853 653 900 protopapa‚
684 861 793 898 quem
816 848 941 888 Iunius
964 861 1039 888 non
1059 847 1155 887 male
1189 848 1486 900 δευτεροπαπᾶν
1512 846 1688 896 appellat.

235 911 278 945 at
296 906 390 946 male
406 907 518 944 illud:
544 909 606 957 qui
622 906 815 944 sacerdotes
833 905 1042 952 introducit,
1074 900 1310 952 εἰσοδεύων,
1337 905 1501 942 nimirum
1520 905 1558 940 in
1576 903 1689 941 tribu·

236 963 318 1012 nal,
349 966 382 1002 si
410 975 514 1013 quam
543 962 890 1011 causam·agendam
915 962 1113 1000 habuerint.
1168 960 1269 998 nullo
1303 960 1436 999 modo:
1474 970 1560 996 nam
1586 958 1691 998 εἰσο-

238 1017 370 1059 δεύειν
397 1023 455 1057 est
483 1030 564 1055 esse
589 1018 741 1056 aliorum
772 1019 811 1054 in
828 1018 939 1054 sacris
957 1016 1165 1055 ministeriis
1183 1015 1431 1053 functionibus
1450 1019 1490 1052 et
1506 1014 1691 1064 supplica-

236 1076 400 1113 tionibus
430 1076 559 1112 ducem
586 1078 625 1112 et
659 1074 765 1123 quasi
793 1078 1063 1111 antecessorem
1092 1077 1132 1110 et
1160 1073 1373 1119 ductorem;
1399 1071 1500 1120 quod
1517 1071 1628 1109 etiam
1646 1083 1692 1108 ex

240 1132 486 1181 descriptione
505 1133 580 1170 τοῦ
607 1127 903 1181 δευτερεύοντος
929 1129 1096 1180 diaconi,
1129 1140 1224 1178 quae
1251 1128 1416 1177 proxime
1443 1126 1692 1177 subiungitur,

240 1189 474 1226 manifestum
497 1187 631 1224 evadit.
688 1187 960 1237 deuteropapae
982 1185 1139 1237 nullam,
1170 1185 1203 1223 si
1223 1187 1322 1223 recte
1342 1183 1510 1234 memini,
1537 1183 1694 1223 mentio-

245 1257 329 1282 nem
350 1244 438 1283 facit
455 1243 604 1281 CitriuS.

335 1331 368 1365 p.
379 1320 401 1354 6
413 1331 444 1353 v.
457 1320 490 1353 2.
501 1317 683 1352 All-mana:
701 1314 721 1350 ὁ
739 1313 961 1360 δευτερεύων
976 1316 1181 1361 λειτουργεῖ
1189 1312 1254 1350 καὶ
1268 1311 1379 1355 minis·
1388 1311 1479 1359 μετὰ
1493 1314 1561 1350 τοῦ
1573 1311 1692 1361 α’ρχιε-

246 1362 338 1407 ρέως
363 1366 440 1406 (hoc
457 1369 508 1397 est
533 1373 606 1397 cum
630 1362 843 1407 patriarcha,
878 1373 951 1396 cum
973 1373 1040 1406 quo
1067 1361 1152 1396 alias
1174 1361 1238 1395 soli
1264 1361 1416 1406 episcopi
1440 1361 1633 1403 celebrant,
1655 1364 1695 1395 ut

248 1420 322 1444 cum
349 1409 517 1455 episcopis
540 1408 769 1462 sacerdotes).
815 1405 907 1442 ὅταν
929 1408 1043 1442 λείπει
1063 1404 1084 1442 ὃ
1107 1406 1381 1452 πρωτοπαπᾶς,
1410 1402 1482 1451 ἔχει
1503 1402 1544 1441 ἐν
1565 1407 1611 1452 τῇ
1636 1401 1696 1441 ἐκ·

248 1455 378 1502 κλησίᾳ
401 1453 447 1489 τὰ
471 1456 634 1499 πρωτεῖα
661 1464 799 1490 wavra.

356 1537 394 1574 p.
414 1527 440 1567 6
463 1537 498 1561 v.
519 1522 556 1563 4.
614 1523 774 1561 Ultimus
801 1523 870 1560 hac
904 1525 1009 1560 sexta
1035 1523 1197 1572 pentade
1218 1526 1276 1560 est
1305 1519 1329 1564 ὁ
1357 1517 1596 1574 δευτερεύων
1615 1521 1698 1560 τοῖν

248 1578 464 1627 διακόνων,
489 1579 657 1617 secundus
676 1579 862 1627 diaconus,
891 1581 1046 1631 πρῶτος
1064 1581 1145 1619 τῶν
1166 1580 1335 1628 κοινῶν,
1371 1578 1509 1627 primus
1528 1590 1573 1615 ex
1597 1588 1699 1614 com-

248 1637 419 1675 munibus
437 1636 619 1685 diaconis,
649 1635 716 1674 καὶ
734 1631 947 1674 εἰσοδειῖων
965 1632 1060 1681 τούς
1082 1631 1302 1682 διακόνους.
1356 1633 1500 1672 Iunius:
1529 1637 1562 1672 et
1580 1633 1700 1671 diaco-

250 1707 312 1731 nos
332 1695 555 1736 intromittit3
577 1692 756 1740 additque
778 1691 848 1728 hoc
866 1690 1061 1728 scholium:
1094 1693 1131 1729 in
1145 1691 1348 1743 functiones
1371 1695 1405 1729 et
1424 1693 1590 1728 stationes
1607 1691 1700 1740 ipso-

250 1762 338 1787 rum.
395 1753 438 1786 tn
468 1748 626 1797 corrige:
657 1748 719 1796 qui
747 1748 982 1785 diaconorum
1007 1747 1151 1795 ductor,
1178 1752 1310 1792 rector,
1342 1746 1490 1785 director
1517 1750 1556 1783 et
1580 1749 1624 1783 ut
1648 1744 1702 1781 sic

251 1806 370 1842 dicam
390 1805 574 1853 dispositor
593 1807 663 1841 est:
694 1803 765 1840 hoc
784 1804 879 1840 enim
903 1807 962 1840 est
983 1801 1220 1852 εἶσοδεύειν,
1251 1802 1352 1852 quod
1372 1803 1554 1852 significat
1574 1813 1701 1850 quem-

253 1861 342 1898 libet
358 1861 395 1898 in
415 1861 511 1898 viam
537 1872 642 1897 suam
664 1860 770 1908 quasi
795 1860 1047 1908 introducere,
1075 1863 1118 1897 ut
1140 1859 1232 1896 sciat
1253 1862 1369 1907 quem'
1379 1859 1543 1896 ordinem
1565 1861 1604 1895 et
1624 1860 1703 1894 sta-

253 1918 391 1954 tionem
425 1921 550 1954 tenere
582 1916 727 1953 debeat.
796 1916 889 1953 vidit
922 1916 1072 1952 tandem
1106 1915 1231 1952 Iunius
1264 1915 1360 1952 hanc
1393 1915 1600 1962 notionem,
1635 1912 1704 1950 sed
1759 1914 1762 1918 '

254 1973 359 2021 quasi
389 1985 455 2020 per
482 1971 671 2019 nebulam,
701 1975 743 2007 ut
769 1974 925 2021 apparet
949 1983 993 2007 ex
1021 1970 1158 2008 scholio
1179 1971 1281 2019 quod
1298 1983 1387 2007 suae
1409 1968 1704 2019 interpretationi

251 2028 427 2066 adiunxit.
485 2040 529 2065 ex
557 2039 630 2075 quo
650 2030 795 2074 tamen,
827 2031 1003 2074 tanquam
1022 2027 1060 2063 in
1081 2026 1189 2063 rebus
1209 2026 1459 2063 ecclesiasticis
1478 2026 1704 2063 Graecorum

256 2083 360 2121 valde
378 2083 514 2120 scilicet
534 2083 666 2132 perito,
690 2083 939 2130 quaerendum
958 2086 1038 2119 erat
1057 2094 1170 2131 quare
1187 2082 1338 2119 verbum
1358 2078 1572 2122 εἶσοδεύειν
1590 2082 1705 2118 inter-

256 2143 424 2189 pretatus
444 2139 515 2188 sit,
537 2138 693 2186 loquens
714 2139 760 2174 de
778 2139 970 2174 sacerdote
991 2139 1153 2176 secundo
1166 2165 1177 2187 ,
1205 2139 1421 2177 introducens
1440 2138 1520 2176 illos
1537 2140 1575 2175 in
1594 2137 1702 2175 tribu-

253 2195 337 2243 nal,
368 2198 401 2232 si
422 2207 524 2245 quam
546 2206 686 2230 causam
705 2193 876 2242 agendam
904 2194 1105 2240 habuerint,
1129 2194 1300 2244 idemque
1330 2194 1482 2232 verbum
1506 2194 1635 2231 eadem
1655 2192 1705 2229 si-

255 2251 489 2302 gnificatione
515 2262 590 2287 non
624 2250 887 2297 interpretatus
921 2250 970 2286 sit
1002 2250 1039 2286 in
1079 2249 1326 2299 descriptione
1361 2250 1513 2287 secundi
1549 2248 1705 2296 diaconi,

255 2308 470 2358 praesertim
489 2319 571 2344 cum
590 2306 754 2342 diversae
773 2306 932 2343 notionis
952 2305 1091 2343 nullum
1109 2319 1259 2356 prorsus
1281 2307 1454 2345 indicium
1479 2305 1706 2356 Curopalata

259 2364 414 2401 dederit.

370 2420 506 2456 Verum
535 2421 578 2454 nt
595 2415 795 2454 accuratius
816 2416 1059 2467 intelligamus
1079 2421 1247 2455 naturam
1267 2421 1305 2455 et
1324 2421 1366 2455 ut
1386 2418 1438 2455 sic
1465 2418 1582 2455 (fleam
1600 2416 1706 2453 indo-

259 2475 332 2512 lem
351 2476 457 2513 huius
480 2473 641 2522 diaconi,
667 2484 801 2521 operae
821 2473 978 2520 pretinm
1002 2474 1070 2510 erit
1092 2475 1218 2510 audire
1247 2474 1419 2511 Ioannem
1445 2474 1622 2522 Citrium,
1649 2471 1706 2509 cui

262 2532 351 2568 haec
366 2533 493 2581 ignota
512 2542 587 2567 non
606 2530 773 2573 suerunt3
799 2529 861 2575 qui
881 2530 932 2566 ait
954 2530 1146 2567 diaconum
1167 2530 1278 2567 istum
1295 2543 1371 2567 non
1397 2530 1481 2579 eligi
1509 2533 1574 2567 aut
1595 2527 1708 2566 creari

262 2588 473 2635 simpliciter
494 2587 541 2622 ad
562 2585 667 2621 unius
684 2583 893 2634 arbitrium,
922 2586 986 2621 sed
1011 2582 1093 2624 κατ’
1109 2583 1295 2637 ἐκλογήν,
1320 2599 1382 2636 per
1400 2586 1600 2635 suffragia:
1626 2595 1707 2621 esse

263 2644 357 2679 enim
380 2642 557 2680 eiusmodi
577 2640 753 2689 officium,
787 2641 888 2688 quod
916 2641 1099 2678 desideret
1119 2642 1236 2679 virum
1255 2643 1422 2679 dextrum
1440 2645 1641 2689 aptumque
1657 2638 1706 2676 ad

264 2712 390 2735 ornnes
420 2699 530 2734 etiam
560 2696 712 2733 fortuito
741 2700 970 2733 occurrentes
994 2698 1219 2744 functiones3
1248 2710 1404 2746 quorum
1424 2697 1565 2746 aliquas
1582 2706 1707 2733 recen-

267 2759 335 2791 set.
392 2755 508 2803 prima
541 2756 599 2789 est
629 2752 802 2801 ingressis
836 2752 871 2788 in
900 2753 1077 2801 templum
1109 2753 1387 2803 imperatoribus
1421 2757 1459 2790 et
1491 2750 1707 2802 patriarchis

268 2811 399 2848 faustis
426 2808 746 2847 acclamationibus
773 2808 867 2846 bene
896 2810 1055 2860 precari,
1087 2814 1126 2847 et
1145 2813 1187 2848 ut
1206 2810 1371 2848 Codinus
1390 2812 1517 2847 noster
1534 2808 1709 2858 loquitur,
