1864 3164
307 194 406 244 318
519 196 791 241 GRETSERI
809 196 880 239 ET
900 193 1076 239 GOARI
1098 193 1534 239 COMMENTARIUS

304 303 363 339 lim
396 302 644 339 animadvertas
673 301 808 338 Ioannis
851 300 1015 346 evangelii
1055 301 1186 335 textum
1218 299 1405 336 universum
1448 303 1579 346 septem
1611 299 1753 346 integris

303 349 565 385 hebdomadibus
588 349 654 394 legi
667 373 678 390 ‚
700 359 788 393 quae
814 359 836 382 a
857 357 977 392 magna
997 347 1143 392 paschae
1162 346 1328 381 dominica
1349 346 1458 382 tribus
1481 347 1598 382 diebus
1624 359 1752 392 excep-

303 395 349 430 tis
383 399 617 436 numerantur,
653 393 818 429 Matthaei
850 393 935 427 feria
969 392 1113 426 secunda
1143 395 1232 438 post‘
1250 391 1443 427 dominicam
1466 397 1680 437 pentecostes
1703 392 1749 427 ad

302 442 560 486 subsequentem
585 450 789 485 parasceuen
813 437 1027 473 exaltationis
1050 437 1136 471 diem
1158 439 1300 482 festum,
1333 437 1587 482 absolvitur-que
1620 438 1752 472 hebdo-

302 487 452 521 madibus
475 490 603 531 septem
626 490 662 519 et
684 484 810 519 decem.
836 485 950 518 harum
975 482 1125 517 undecim
1147 483 1286 528 singulis
1309 482 1425 517 diebus
1450 483 1617 518 Matthaei
1631 484 1751 518 lectio·-

302 543 377 566 nem
400 532 612 574 continuant,
636 542 657 565 a
679 530 874 564 duodecima
897 529 1043 574 quinque
1065 532 1194 562 tantum
1227 529 1346 563 diebus
1375 528 1485 564 Marci
1516 529 1617 563 lectio
1651 540 1750 564 assu-

302 577 422 620 mitur,
446 576 594 611 sabbatis
621 580 656 610 et
680 575 852 610 dominicis
874 574 1037 610 Matthaei
1059 573 1158 608 lectio
1183 574 1390 618 restituitur,
1422 574 1529 620 usque
1553 574 1597 608 ad
1619 574 1750 609 hebdo-

301 623 430 657 madem
463 622 624 656 decimam
654 625 691 656 et
722 621 914 667 septimam,
952 619 1127 654 dummodo
1168 620 1253 653 haec
1285 623 1453 665 postrema
1493 620 1582 654 inter
1617 623 1751 666 tempus

301 668 460 714 paschale
483 672 657 702 occurrat:
686 667 735 701 sin
759 668 885 710 minus,
909 676 974 700 non
997 665 1132 709 legitur.
1158 665 1272 699 Lucae
1294 665 1504 709 evangelium
1528 677 1549 700 a
1578 665 1666 700 feria
1693 677 1751 701 se·

302 713 412 748 cunda
431 724 518 758 quae
540 713 737 747 dominicam
760 718 837 759 post
860 711 1094 746 exaltationem
1125 710 1270 757 excipit,
1301 715 1337 745 et
1364 710 1504 754 integris
1533 711 1751 746 hebdomadi-

300 760 366 793 bus
390 758 564 793 duodecim
587 759 812 794 continuatur.
841 758 883 792 ab
907 756 1001 791 initio
1029 757 1146 791 tertiae
1167 756 1314 791 decimae
1343 756 1451 791 Marci
1484 757 1692 803 percurritur
1713 757 1750 791 in

299 804 439 849 reliquis
462 804 597 846 diebus,
621 805 679 839 sed
703 804 854 839 sabbatis
875 807 911 838 et
933 802 1104 837 dominicis
1125 802 1241 837 Lucae
1262 801 1453 836 assumitur.
1493 802 1600 837 Marci
1613 802 1750 837 tandem

301 850 391 883 inter
414 850 578 884 Matthaei
601 855 638 884 et
660 850 773 884 Lucae
794 848 994 890 absumituu
1016 848 1105 893 quod
1125 859 1209 883 vero
1233 847 1426 894 supererit,
1457 848 1607 884 sabbatis
1628 853 1664 883 et
1686 847 1750 883 do-

300 895 431 930 minicis
459 895 735 941 quadragesimae
756 894 955 931 absolvitur.
979 894 1063 928 haec
1083 893 1153 932 ille.

413 967 450 1005 p.
470 955 526 995 70
543 967 577 992 v.
599 958 661 996 10.
701 955 748 991 de
772 966 874 992 more
894 952 1041 991 lavandi
1068 953 1206 1004 pedes,
1233 957 1311 993 tam
1337 953 1408 992 hoc
1433 954 1493 992 die
1523 964 1634 1003 quam
1658 951 1751 1001 aliis,

300 1011 495 1062 proprium
522 1010 738 1062 opusculum
763 1010 883 1063 edidi,
909 1009 1010 1060 quod
1037 1008 1263 1048 Pedilavium
1281 1011 1468 1064 inscripsi3
1499 1010 1557 1047 cui
1575 1010 1687 1047 etiam
1706 1020 1751 1046 ex

300 1066 529 1116 Euchologio
559 1067 783 1104 Graecorum
811 1063 970 1104 officium
995 1065 1167 1117 pedilavii
1191 1067 1337 1106 inserui.
1392 1079 1461 1105 nec
1483 1065 1647 1104 Orientis
1668 1068 1753 1103 tan-

300 1127 383 1161 tuin
410 1135 516 1173 reges
545 1126 585 1161 et
612 1125 852 1174 imperatores
878 1122 949 1160 hoc
967 1122 1026 1159 die
1044 1134 1251 1173 pauperum
1269 1124 1385 1175 pedes
1403 1122 1598 1171 lavabant,
1626 1121 1694 1160 sed
1713 1124 1753 1159 et

303 1179 537 1229 Occidentis,
564 1182 608 1217 ut
627 1179 791 1231 pluribus
809 1178 984 1231 exemplis
1005 1178 1151 1216 ostendi
1169 1179 1207 1218 in
1226 1180 1299 1218 iam
1317 1180 1416 1218 dicto
1436 1178 1625 1230 opusculo.

417 1243 510 1284 Post
554 1245 762 1285 absolutam
804 1246 1053 1285 narrationem
1109 1246 1157 1284 de
1210 1245 1350 1284 lotione
1395 1247 1534 1298 pedum
1585 1243 1752 1294 sequitur

298 1302 341 1340 in
368 1302 529 1339 editione
558 1301 712 1340 Iuniana
740 1303 869 1341 titulus
904 1303 999 1352 iste,
1041 1300 1064 1343 ό
1090 1298 1245 1354 νιπτήρ.
1301 1303 1369 1340 sed
1396 1303 1489 1340 vidit
1512 1302 1670 1352 ipsemet
1691 1300 1755 1338 Iu-

298 1358 383 1396 nius
411 1358 560 1396 titulum
587 1371 663 1395 non
683 1371 752 1396 suo
779 1358 860 1396 loco
888 1359 1051 1410 positum
1081 1369 1185 1407 esse,
1214 1362 1252 1396 et
1279 1358 1311 1395 si
1338 1358 1569 1409 recipiendus
1593 1358 1657 1407 sit,
1683 1370 1755 1408 po-

298 1415 464 1452 nendum
492 1418 579 1452 ante
607 1414 669 1452 illa
697 1414 828 1464 verba,
866 1412 945 1468 πρό
979 1411 1023 1454 δὲ
1050 1415 1122 1466 τῆς
1145 1414 1387 1468 λειτουργίας
1409 1417 1479 1452 etc.
1534 1425 1604 1452 nec
1630 1413 1670 1452 in
1699 1412 1755 1450 al-

300 1474 383 1508 tero
409 1470 533 1509 codice
560 1470 674 1509 Boico
701 1473 901 1522 comparet.

392 1535 476 1569 ibid.
518 1535 675 1569 absoluta
708 1534 808 1568 missa
835 1533 1041 1579 lavipedium
1070 1533 1146 1568 fieri
1170 1533 1336 1579 praecipit
1357 1533 1622 1579 Euchologhm,
1665 1532 1754 1579 quod

300 1581 418 1628 populi
442 1580 670 1614 commoditati
692 1591 791 1626 quam
813 1580 996 1626 mysterio,
1026 1579 1118 1625 quod
1140 1580 1303 1614 observat
1322 1579 1526 1626 imperator,
1547 1582 1616 1614 stat
1637 1579 1755 1614 satius.

394 1637 440 1671 ib.
463 1648 498 1671 v,
517 1637 570 1671 12.
601 1632 812 1680 ὑποκᾶμισοι
844 1639 965 1670 auctor
997 1635 1145 1682 explicat
1175 1636 1352 1681 χιτῶνας,
1385 1635 1511 1671 Suidas
1543 1631 1756 1679 ἐπενδύτας,

300 1677 467 1717 &onirocrit
490 1679 636 1726 ΐμοὶτια,
660 1683 817 1724 tunicam
850 1682 968 1716 Simon
998 1681 1136 1717 Portius
1171 1692 1245 1715 cum
1272 1681 1376 1725 vulgo
1406 1678 1657 1727 ὑποχιτῶνας,
1679 1676 1754 1726 ἔχε’-

302 1738 445 1773 caena,
468 1723 692 1767 ἕνδοτοὶτους
713 1727 969 1773 χιτωνίσκους,
994 1738 1060 1761 uno
1083 1726 1190 1762 verbo
1214 1727 1398 1763 interulas.

415 1787 499 1825 ibid.
549 1786 822 1825 curtzobraccia
851 1786 959 1825 kurze
1003 1786 1127 1835 hosen,
1163 1791 1207 1824 ut
1242 1781 1488 1834 παπούτζιον
1527 1787 1643 1837 colea,
1678 1786 1757 1825 cal-

299 1856 393 1884 cem.
451 1843 622 1882 scribitur
649 1843 762 1882 etiam
789 1838 1008 1895 παπούτζη.
1065 1842 1194 1882 melior
1215 1843 1343 1881 forsan
1361 1843 1546 1896 scriptura
1564 1850 1623 1882 est
1641 1847 1754 1881 curto·

302 1901 456 1987 bruci-tg-
466 1963 500 1986 v.
519 1951 573 1987 14.
601 1952 707 1986 ποιεῖ’
722 1948 931 1998 εὖλογητόν]
956 1963 977 1986 a
999 1951 1231 1987 benedictione
1253 1951 1467 1997 auspicatur,
1491 1951 1626 1986 dicens2
1653 1946 1754 1986 εὔλο-

301 2009 325 2041 y
351 1993 412 2050 τ’ὁς
442 1994 463 2031 ὃ
503 1994 594 2038 θεὸς
624 1995 728 2042 ἡμῶν
759 1997 937 2043 πάντοτε,
969 1997 1038 2032 νῦν
1067 1995 1131 2031 καὶ
1161 1994 1221 2031 ἀεὶ
1251 1995 1317 2031 καὶ
1339 1994 1392 2037 εἰς
1412 1992 1500 2037 τοὺς
1521 1994 1660 2038 αἰῶνας
1684 1997 1757 2030 τῶν

303 2053 329 2076 α
348 2053 501 2123 ωνίῗῗ·ν.
520 2085 574 2121 15.
607 2083 649 2120 τὸ
672 2084 876 2130 τρισάγιον]
910 2097 931 2120 a
957 2090 1011 2120 ter
1040 2085 1185 2131 repetita
1208 2097 1295 2120 voce
1319 2082 1453 2132 ’Ἅγιοςε
1482 2082 1586 2132 ἅγιος
1607 2083 1629 2121 ὁ
1653 2083 1757 2131 θεός,

302 2128 409 2177 ἅγιος
435 2129 599 2177 ἰσχυρός,
620 2129 725 2174 ἅγιος
754 2129 950 2170 ἀθάνατος
969 2127 1117 2175 ἐλέησον
1139 2127 1247 2175 ἡμᾶς.
1496 2145 1498 2147 ’

394 2177 479 2212 ibid.
526 2177 594 2210 τοῦ
628 2173 849 2221 εὐαγγελίου]
885 2176 979 2210 cuius
1011 2173 1216 2222 ἄρχιτέλεια
1248 2176 1445 2222 principium
1481 2179 1516 2211 et
1545 2176 1623 2211 finis
1657 2180 1756 2212 sunta

304 2223 410 2260 aciens
433 2224 526 2258 Iesus
546 2222 628 2267 quia
650 2223 765 2256 omnia
787 2222 882 2256 dedit
905 2223 936 2256 εἰ
957 2227 1060 2267 pater
1083 2226 1149 2256 etc.
1174 2226 1208 2257 et
1229 2234 1296 2257 ποη
1319 2224 1397 2257 estin
1419 2223 1540 2258 mundi
1562 2234 1687 2258 omnes.

395 2291 431 2324 p.
447 2280 490 2314 71
508 2290 543 2311 v.
558 2278 591 2312 5.
615 2274 638 2321 ἡ
654 2278 721 2311 τοῦ
735 2278 911 2322 νιπτῆρος
926 2275 1152 2322 ἀκολουθία]
1170 2289 1268 2323 quam
1283 2278 1341 2323 qui
1358 2279 1564 2314 desiderabit
1579 2279 1758 2323 integram,

301 2328 420 2360 nostra
451 2323 702 2368 Euchologica‚
728 2323 757 2358 si
790 2329 981 2367 merentur,
1012 2324 1128 2358 adibit.
1154 2321 1364 2358 ἀκολουθία
1396 2328 1508 2359 autem
1530 2325 1684 2370 officium
1706 2329 1757 2359 est

301 2372 479 2424 ἀὶυἰπιιπι,
503 2369 597 2404 cuius
619 2376 735 2415 partes
759 2368 802 2404 ad
823 2369 965 2403 invicem
988 2380 1160 2404 connexae
1184 2370 1302 2404 ordine
1317 2381 1356 2405 se
1371 2375 1640 2416 consequuntur,
1662 2368 1757 2416 quasi

302 2421 494 2461 sequentia.

414 2465 465 2503 ib.
495 2476 528 2501 v.
555 2465 593 2504 6.
631 2461 723 2506 alter
758 2463 874 2500 codex
913 2462 1046 2499 Boicus
1078 2458 1157 2502 οἷνοὶ
1186 2465 1360 2515 χρυσοῦν
1393 2463 1615 2515 νομίσματα
1650 2463 1753 2517 τρία.

302 2520 430 2557 forsan
448 2523 550 2556 recta
577 2518 685 2556 lectio
713 2520 784 2556 erit
811 2515 889 2558 οἷνοὲ
920 2522 1046 2570 χρυσᾶ
1065 2519 1307 2571 νομίσματα,
1344 2523 1387 2557 ut
1415 2515 1493 2560 οἶνοί
1512 2517 1686 2571 capiatur
1712 2531 1757 2557 eo

302 2589 415 2614 sensu
435 2587 508 2625 quo
527 2573 665 2612 Matth.
685 2576 762 2617 20:
796 2574 937 2626 ἔλαβον
954 2570 1032 2614 civo}
1052 2571 1268 2628 δηνάριον,
1302 2579 1505 2627 ασοφεηιηὲ
1533 2575 1671 2626 singuli
1696 2575 1759 2613 de-

303 2635 452 2670 narium.
510 2631 652 2682 ἔλαβον
677 2630 746 2671 καὶ
778 2627 892 2672 αὐτοὶ
923 2627 1002 2671 civo?
1031 2629 1247 2685 δηνάριον,
1295 2636 1499 2684 acceperunt
1526 2633 1598 2683 ipsi
1627 2643 1758 2683 quoque

304 2688 442 2737 singuli
459 2687 650 2727 denarium.

397 2741 443 2775 ib.
466 2751 501 2775 v.
521 2742 575 2775 11.
597 2738 758 2783 τράπεζα
780 2735 823 2774 δὲ
847 2735 1030 2784 οὐδαμοῦ]
1063 2740 1107 2773 ob
1133 2739 1352 2784 religiosioris
1382 2739 1497 2774 ieiunii
1527 2741 1759 2784 praeceptum,

333 2785 398 2819 uod
419 2790 530 2821 tamen
559 2785 660 2820 etiam
688 2784 856 2820 monachis
887 2785 951 2819 lioc
981 2785 1035 2818 die
1068 2785 1147 2819 vino
1179 2797 1244 2820 non
1275 2785 1457 2820 interdicit.
1492 2785 1755 2830 Euchologium:

307 2797 456 2866 grooten
477 2828 520 2866 τὰ
541 2830 815 2877 κατακλαστόν,
837 2828 901 2866 καὶ
921 2829 1247 2877 μεταλαμβάνομεν
1264 2831 1370 2867 οἴνου
1386 2828 1516 2876 μόνον.
