1864 3164
280 205 376 252 378
494 198 768 247 GRETSERI
786 197 855 241 ET
875 193 1048 240 GOARI
1067 187 1503 237 COMMENTARIUS

280 311 432 351 σταὶείς.
455 310 586 344 τοῦτον
609 305 672 343 διᾶ
696 306 800 351 τιμῆς
821 299 895 351 εἶχε
914 301 1070 347 πολλῆς,
1090 297 1154 336 καὶ
1178 296 1219 334 ἓν
1237 299 1316 339 τοῖς
1327 295 1511 342 προῒγμασι
1527 292 1719 342 συμβούλῳ

279 356 420 402 ἐχρῆτο».
454 356 658 402 presbytero
683 353 840 396 deinceps
868 348 1053 384 huiusmodi
1090 347 1125 380 in
1149 345 1215 379 cibi
1240 344 1346 379 cellae
1367 347 1571 378 secretorum
1585 366 1595 382 ,
1627 339 1721 373 vitae

280 404 425 448 denique
446 401 550 435 omnis
574 400 767 434 societatem
788 396 938 437 adscito,
968 391 1228 439 procedentibus
1259 389 1358 424 annis
1378 390 1503 423 factum
1528 392 1579 421 est
1603 390 1641 419 ut
1663 383 1722 429 qui

276 449 314 482 in
330 447 491 483 ecclesiae
513 451 611 480 coetu
625 444 769 484 amicos,
795 442 828 476 in
845 440 972 487 palatio
988 449 1119 485 quoque
1137 441 1234 471 notos
1254 435 1434 479 allegerat,
1457 433 1568 474 nullo,
1589 431 1619 465 si
1634 441 1722 475 quae

277 492 407 535 forent,
424 493 494 526 eius
511 491 630 525 merita
647 489 858 532 virtutesque
873 488 1065 532 ignorante,
1091 483 1252 517 defuncto
1295 479 1461 516 atriarcba
1476 478 1516 512 in.
1526 477 1597 511 eius
1612 476 1722 511 locum

279 550 455 573 successor
479 538 681 581 eligeretur3
717 534 841 579 quique
865 531 995 566 nomine
1023 528 1163 574 syncelli
1186 527 1241 561 vel
1264 494 1426 570 dignitate
1448 533 1550 570 penes
1575 520 1723 576 patriar·-

278 586 373 619 cham
403 584 510 617 adhuc
539 582 573 615 in
602 580 692 614 vivis
721 584 896 623 agentem,
927 587 993 611 ceu
1015 575 1092 609 eius
1121 572 1282 608 sincerior
1301 571 1553 612 concellaneus,
1585 565 1725 611 insignis

280 631 430 670 vixerat,
461 628 549 661 idem
576 631 653 671 post
679 625 802 666 letum,
829 627 868 657 nt
898 622 933 656 in
959 621 1100 656 ecclesia
1130 619 1304 659 thronum,
1325 617 1375 651 ita
1395 615 1538 650 κελλίον
1558 613 1664 657 ipsum
1689 614 1726 645 et

279 676 441 709 secretius
463 671 657 727 patriarchii
682 669 853 716 penetrale
868 670 1065 713 occuparet.
1081 664 1214 700 videtur
1234 674 1303 698 mos
1319 659 1504 696 huiusmodi
1526 658 1615 693 circa
1637 658 1726 692 Leo-

280 721 331 754 nis
366 721 471 753 Isauri
498 722 648 762 tempora
677 716 875 758 invaluisse,
911 713 954 747 de
984 723 1050 757 quo
1083 709 1278 744 Cedrenusz
1309 699 1413 751 εὗρεν
1442 697 1510 740 οὖν
1537 699 1578 738 ἓν
1607 700 1726 747 τούτῳ

281 763 468 810 σύμμαχον
486 759 720 797 Ἀνασετοὶσιον
750 758 943 805 σύγκελλον
965 758 1032 792 τοῦ
1065 754 1171 800 ἁγίου
1204 751 1436 800 (Γερμανοῦ)
1461 745 1733 792 συνταξάμενος

282 809 383 856 αὐτῷ
406 810 477 844 τοῦ·
495 805 638 852 θρόνου
665 804 840 850 διάδοχον
862 801 1047 849 γενέσθαι.
1078 800 1258 837 invaluisse
1282 799 1370 837 dixi.
1392 807 1464 831 nort
1481 795 1586 842 primo
1605 803 1736 828 morem·

281 857 488 891 institutum:
513 855 578 887 iam
593 852 679 887 enim
694 853 757 886 sub
773 851 949 886 Anastasio
977 848 1107 883 seniore
1131 841 1320 890 Τιμοθέου
1345 838 1625 884 ἀποθανόντος,
1646 838 1729 872 scri-

284 902 335 936 bit
350 901 597 946 Theophanes,
614 895 792 942 Ἰωάννην
816 891 882 931 τὸν
906 889 1115 929 Καππαδόκ
1140 904 1162 926 ν
1184 885 1428 936 πρεσβύτερον
1449 885 1513 922 καὶ
1533 882 1730 930 adracen-ov

282 942 701 983 Κωνσταντινουπόῑεως
727 940 927 977 ἐπίσκοπον
957 948 1124 982 προεχειρ
1161 947 1266 971 αντο.
1295 940 1330 970 et
1356 934 1418 968 sub
1442 931 1570 967 Iustino
1603 929 1732 975 pariter

284 993 417 1028 seniore
439 989 615 1026 Ἰωάννου
650 984 851 1023 ἐπισκόπου
883 979 1303 1020 Κωνσταντινουπόῑεως
1331 975 1612 1022 τελευτήσαντος
1627 971 1731 1008 ’Enn-

285 1036 419 1083 φοὶνιος
447 1033 689 1082 πρεσβύτερος
718 1033 783 1077 τῆς
807 1029 919 1076 αὐτῆς
941 1026 1130 1073 ἐκκλησίας
1149 1025 1214 1061 καὶ
1234 1023 1423 1070 odyn-snos
1449 1018 1730 1068 ἐχειροτονήθη.

285 1084 414 1119 maiora
436 1093 566 1128 semper
588 1081 797 1114 incrementa
816 1089 907 1113 more
928 1075 1108 1120 capiente,
1125 1072 1316 1119 Stephanus
1337 1069 1460 1104 Leonis
1485 1065 1645 1113 sapientis
1659 1067 1732 1100 sra-

286 1136 357 1171 ter,
395 1140 492 1173 quem
524 1125 664 1161 Basilius
691 1128 790 1169 pater
820 1123 910 1157 clero
949 1121 1008 1155 ΟΡ
1039 1118 1187 1154 sociarat
1215 1114 1486 1160 educandumque
1517 1124 1558 1148 ac
1590 1109 1734 1155 syncelli.

285 1175 450 1219 dignitate
471 1172 654 1208 ornandum
677 1170 801 1204 Photio
823 1168 981 1207 dederat,
1007 1165 1056 1198 ait
1081 1165 1152 1199 Leo
1180 1161 1448 1202 Grammaticus,
1469 1157 1586 1193 eod‘em
1607 1155 1731 1191 Photio

285 1220 440 1256 secundo·
458 1220 610 1253 submoto
635 1215 811 1250 confestim
838 1214 873 1248 in
905 1212 977 1247 eius
999 1211 1108 1245 locum
1139 1208 1305 1243 suffectus
1331 1209 1385 1240 est
1414 1204 1618 1250 patriarcha.
1664 1202 1735 1236 Ce-

286 1267 416 1301 drenus-
430 1266 522 1299 vitae
544 1262 665 1297 Leonis
687 1260 802 1295 initio:
825 1255 1046 1301 προσέταξεν
1068 1251 1088 1290 ὁ
1113 1252 1218 1289 Λέων
1239 1253 1307 1288 τοῦ
1325 1249 1471 1294 θρόνου
1489 1246 1632 1284 Φύτιον
1646 1258 1742 1282 κατ-κ

287 1314 457 1355 αγαγεῖν,
489 1305 582 1343 κατὰ
616 1305 741 1346 πόδας.
765 1301 807 1339 δὲ
838 1301 1035 1346 Στέφανον
1067 1298 1258 1344 σύγκελλον
1281 1295 1346 1332 τὸν
1368 1292 1503 1332 ἑαυτοῦ
1525 1289 1690 1336 ἀδελφὸν
1711 1287 1742 1325 ἁ

289 1353 452 1402 βασιλεὺς
479 1350 708 1396 πατριάρχΙην
739 1347 995 1429 πριὲάλλεται.
1030 1350 1065 1381 et
1093 1347 1131 1379 iu
1159 1344 1277 1378 eodem
1308 1343 1444 1376 Leone:
1473 1340 1739 1385 χειροτονεῖται

284 1401 512 1444 πατριάρχης
535 1397 559 1433 ὅ
579 1396 768 1441 σύγκελλος
830 1391 996 1439 ὖθύμιος.
1023 1390 1294 1425 consuetudinem
1317 1388 1402 1422 hanc
1424 1385 1519 1432 quasi
1541 1385 1651 1428 legem
1673 1382 1736 1416 ba-

285 1448 386 1481 bitam
411 1450 526 1480 narrat
559 1444 733 1477 Cedrenus
758 1442 843 1475 idem
868 1441 900 1473 in
924 1438 1165 1473 monomacho:
1198 1431 1337 1469 ἐκείνου
1367 1423 1437 1477 γαρ
1467 1424 1743 1477 (πατριάρχου)

287 1490 550 1529 ἀποθανόντος
573 1487 592 1523 ὃ
621 1486 817 1532 ahymmo}
831 1483 945 1524 εὐθὺς
967 1483 1019 1523 εἰς
1043 1480 1107 1516 τὸν
1131 1478 1263 1515 τούτου
1290 1475 1435 1522 θρόνον
1455 1473 1735 1521 ἔνκαθίδρυται.

285 1535 401 1571 πάλαι
423 1538 558 1571 dixcrat
580 1533 730 1567 nonnihil
752 1531 924 1577 superium
961 1526 1171 1564 monomachi
1193 1526 1280 1560 enim
1310 1527 1431 1558 aetate>
1447 1519 1651 1556 consuetudo
1681 1516 1740 1552 uel

285 1584 342 1618 lex
377 1591 596 1627 quaecunque
623 1579 665 1613 ‹le
695 1577 853 1622 syncellis
877 1576 919 1610 ad
943 1575 1205 1620 patriarchatum
1229 1564 1454 1606 subvehendis
1474 1565 1642 1603 exsu‘ncta
1663 1567 1743 1598 erat

286 1635 322 1663 et
345 1628 478 1674 penitus
502 1628 675 1670 abrogata.
700 1636 740 1656 eo
768 1627 879 1656 tamen
903 1633 943 1654 ac
976 1619 1192 1665 sequentibus
1213 1616 1418 1660 temporibus
1440 1625 1506 1647 non
1529 1622 1622 1646 unus.
1640 1609 1742 1643 modo

287 1675 350 1708 sed
377 1678 411 1707 et
443 1674 556 1718 plures
579 1670 741 1715 syncelli3
764 1680 804 1702 ac
826 1667 960 1700 tandem
991 1667 1079 1699 inter·
1112 1675 1170 1697 eos
1203 1662 1324 1708 primas
1354 1664 1472 1694 tenens
1502 1654 1740 1704 protosyncel-

286 1720 358 1762 lus,
384 1721 478 1753 cuius
502 1729 618 1752 nemen
644 1715 763 1749 deinde
795 1714 906 1759 plures
941 1712 1139 1745 ambierunt.
1179 1718 1291 1742 verum
1323 1706 1488 1750 integram
1514 1702 1746 1747 syncellorum·

289 1765 457 1799 cohortem
481 1762 658 1807 aliquando
681 1761 840 1802 miratus,
871 1769 912 1792 ac
934 1757 976 1790 de
998 1757 1039 1790 iis
1064 1766 1138 1789 cum
1161 1752 1306 1787 Graecis
1327 1751 1410 1797 ipsis
1433 1750 1637 1791 collocutus,
1660 1756 1741 1792 per-

288 1810 366 1855 cepi
389 1822 432 1844 ex
455 1821 496 1843 ea
519 1820 607 1853 quae
630 1817 763 1851 semper
786 1805 874 1838 inter
905 1814 968 1837 eos
990 1801 1100 1846 viguit
1133 1799 1332 1844 dignitatum
1363 1795 1545 1830 ambitione
1576 1793 1632 1828 vel
1655 1792 1742 1826 titu-

289 1857 395 1890 lorum
418 1854 601 1900 cupiditate
626 1851 847 1898 profluxisse,
875 1853 913 1882 ut
938 1847 995 1893 qui
1020 1845 1286 1892 patriarchatum
1305 1844 1505 1887 expeterent
1526 1839 1582 1873 vel
1605 1836 1742 1882 syncel-

287 1902 341 1935 los
365 1901 397 1935 in
421 1911 553 1934 munere
577 1899 700 1932 vellent
722 1895 907 1935 aemulari,
932 1904 1051 1927 nomen
1075 1891 1215 1937 primum
1231 1891 1486 1933 aucuparentur.
1511 1884 1649 1930 pristini*
1660 1892 1742 1916 vero

290 1948 450 1991 temporis
474 1945 661 1990 syncellus,
685 1942 897 1987 patriarchae
927 1939 1008 1972 licet
1041 1947 1215 1971 successor
1246 1934 1460 1978 designatus,
1488 1941 1556 1975 quo
1585 1926 1744 1962 desiderii

291 1991 510 2027 successionis
534 2002 554 2024 a
576 2002 614 2023 se
645 1991 818 2023 amoveret
847 1984 1089 2028 suspicionem,
1122 1982 1180 2015 ubi
1211 1979 1420 2026 patriarchae
1451 1974 1744 2015 consummabat,

290 2038 449 2083 populum
473 2036 515 2069 ad
540 2046 660 2080 preces
683 2045 743 2078 pro
769 2044 808 2066 eo
831 2035 866 2065 et
889 2029 959 2064 eius
983 2029 1091 2063 salute
1114 2038 1176 2060 nec
1202 2036 1268 2059 non
1295 2024 1330 2058 ei
1357 2023 1431 2056 vita
1461 2022 1624 2064 longaeva
1653 2017 1743 2051 obti-

292 2082 401 2116 nenda
425 2082 609 2114 fundendas
634 2079 854 2119 lxortabaturg
879 2075 967 2120 quod
994 2084 1068 2107 cum
1091 2073 1244 2106 facerent
1266 2068 1392 2113 pariter
1413 2078 1474 2111 per
1498 2065 1558 2099 CP
1585 2063 1744 2098 ecclesias

292 2127 354 2162 alii
373 2127 584 2171 presbyteri,
609 2125 684 2158 exin
711 2123 807 2168 quasi
827 2120 970 2165 syncelli
992 2128 1110 2151 nomen
1134 2114 1328 2160 promeriti,
1351 2124 1392 2146 ea
1414 2123 1452 2146 se
1474 2111 1638 2154 dignitate
1661 2119 1742 2153 pro-

292 2171 471 2208 movendos
493 2174 651 2204 curarunt
659 2182 671 2208 ;
693 2181 734 2202 nc
758 2173 795 2200 ut
819 2167 913 2209 viget
933 2169 970 2197 et
992 2163 1065 2196 aliis
1088 2160 1255 2206 praeferri
1286 2157 1419 2204 quaerit
1452 2156 1588 2191 honoris
1615 2153 1745 2200 cupidi-

291 2223 369 2260 tas,
391 2217 447 2262 qui
471 2227 592 2259 magna
614 2214 648 2247 in
672 2212 815 2247 ecclesia
847 2209 1016 2255 syncellus
1049 2218 1166 2252 preces
1201 2203 1388 2239 huiusmodi
1419 2201 1634 2236 denuntiaret
1658 2199 1744 2234 saci-

295 2264 416 2304 endas,
439 2259 727 2307 portosyncellus‚
762 2262 799 2290 ut
828 2255 963 2299 reliquis
995 2251 1248 2298 anteponendus
1272 2262 1312 2284 ac
1334 2248 1487 2292 dignior,
1520 2251 1573 2281 est
1594 2258 1638 2290 ap
1664 2244 1743 2278 ella-

294 2315 368 2347 tus;
393 2319 433 2341 ac
456 2307 512 2341 ubi
536 2304 726 2340 sacerdotes
748 2303 804 2336 vel
827 2300 1060 2344 metropolitae
1086 2297 1298 2343 patriarchae
1321 2294 1594 2328 concelebra-ntes
1614 2291 1625 2324 i
1673 2300 1746 2323 mu-

294 2355 385 2389 nori-s
408 2355 544 2387 fuerunt
567 2350 738 2390 exsecuti,
763 2346 984 2390 syncellornm
1010 2355 1142 2388 quoque
1165 2354 1208 2376 ac
1236 2339 1563 2388 protosyncellorum
1585 2338 1745 2370 honorem

295 2400 360 2435 sibi
386 2403 597 2443 arrogarunt.
624 2395 699 2430 audi
723 2393 912 2427 cedrenum
935 2391 970 2424 in
994 2391 1143 2423 Romano
1168 2390 1322 2431 Argyro:
1356 2382 1496 2429 ἐτίμησε
1527 2380 1569 2417 δὲ
1601 2377 1745 2425 συγκέλ-

295 2448 382 2485 λους
403 2441 672 2489 μητροπολίτας
699 2441 807 2483 τρεῖς.
833 2438 946 2483 plures
969 2436 1085 2479 itaque
1107 2434 1260 2479 syncelli,
1283 2433 1367 2466 adeo
1391 2429 1539 2464 sublimis
1563 2427 1661 2462 etiam
1683 2426 1746 2459 ho·-

294 2491 386 2525 noris
410 2489 565 2535 cupidine
588 2487 667 2522 moti
693 2491 731 2520 ut
752 2485 785 2518 in
809 2493 965 2517 consessu
990 2493 1010 2515 a
1034 2479 1266 2513 sacerdotibus
1297 2479 1331 2511 in
1363 2477 1461 2510 missa
1493 2472 1644 2508 habendo
1676 2482 1729 2505 me

294 2535 464 2580 tropolitis
497 2546 534 2568 se
556 2532 719 2588 praeferri
743 2527 993 2564 contenderent.
1016 2526 1102 2559 idem
1136 2524 1310 2559 Cedrenus
1338 2521 1501 2555 inferius:
1530 2514 1672 2563 ἐγένετο
1704 2510 1747 2549 δὲ

296 2579 392 2616 κατά
415 2577 484 2624 τὴν
504 2577 643 2623 ἡμεραν
665 2578 730 2621 τῆς
753 2573 858 2620 ἁγίας
879 2572 1126 2615 πεντηκοστῆς
1147 2565 1290 2613 ταραχὴ
1314 2564 1377 2601 διὰ
1401 2563 1470 2610 τὴν
1489 2560 1684 2604 καθέδραν
1708 2555 1748 2593 ἓν

296 2627 342 2671 τῇ
366 2625 569 2671 λειτουργίᾳ
584 2649 594 2667 ,
614 2620 662 2668 μθ
679 2616 980 2663 καταδεξαμένων
997 2617 1069 2650 τῶν
1086 2614 1361 2660 μητροπολιτῶν
1380 2608 1610 2654 προκαθίσαι
1627 2603 1748 2640 αὐτῶν

298 2668 383 2711 τούς
406 2669 620 2714 συγκέλλους
661 2681 682 2701 ν
705 2667 758 2712 τῷ
781 2662 985 2708 συνθρόνῳ.
1009 2662 1073 2707 ipsi
1095 2660 1306 2694 nihilominus
1322 2656 1558 2702 metropolitae
1572 2651 1747 2697 aliquando

301 2717 462 2760 syncelli,
487 2721 523 2749 ut
547 2713 712 2760 praemisi.
751 2712 922 2747 Cedrenus
945 2709 1031 2742 idem
1062 2708 1096 2740 in
1126 2707 1251 2740 Basilio
1286 2709 1322 2739 et
1352 2700 1572 2736 Constantino
1605 2695 1749 2731 Romani

302 2763 384 2797 1⁸50:
410 2757 429 2795 ὁ
453 2758 641 2804 σύγκελλος
662 2755 855 2801 Στέφανος
878 2753 940 2790 καὶ
963 2754 1027 2797 τῆς
1050 2750 1299 2796 Νικομηδείας
1319 2746 1511 2790 πρόεδρος.
1538 2754 1627 2791 pene
1648 2753 1747 2787 prae-

301 2808 458 2842 terieram
481 2817 546 2839 non
570 2804 753 2849 syncellum
777 2803 890 2842 modo,
916 2800 973 2844 qui
998 2798 1212 2842 patriarchae
1236 2796 1469 2829 concellaneus
1494 2802 1534 2824 ac
1556 2789 1627 2823 eius
1640 2798 1748 2821 πνευ-

300 2850 451 2899 ματικός
472 2853 579 2894 soret,
603 2850 662 2885 scd
686 2856 720 2884 ct
743 2849 799 2894 qui
823 2844 1014 2893 imperatori
1039 2845 1228 2889 praestaret
1250 2842 1336 2877 idem
1357 2838 1523 2881 officium,
1555 2846 1596 2870 eo
1621 2833 1752 2868 nomine
