1864 3164
283 199 382 249 254
484 200 762 246 GRETSERI
787 201 860 245 ET
885 199 1071 245 Goim²
1085 186 1525 246 comOENTAmus

280 313 391 352 vocis.
431 312 507 352 duo
534 313 658 366 priora
688 311 864 351 vestiaria
895 311 1149 364 agnoscimus;
1187 310 1338 350 tertium
1364 323 1510 350 summa
1537 310 1741 350 catachresi

278 370 477 409 confictum
507 371 556 409 ad
585 383 693 408 suum
721 373 910 408 auctorem
939 369 1171 407 remittimus.
1213 368 1304 407 dicit
1338 368 1507 406 Codinus
1534 370 1741 407 vestiarium

279 426 351 466 hoc
369 427 480 477 vulgo
494 428 617 465 vocari
637 421 941 478 ἄλλαξιμᾶριον,
961 425 1009 464 ab
1024 421 1211 467 ’ἀλλάσσω
1228 427 1334 466 muto.
1360 424 1446 464 hinc
1473 422 1632 475 ὅλλαξις
1659 437 1742 464 mu-

280 486 371 523 tatio
378 514 393 532 ,
422 488 462 522 et
482 479 767 536 ἄλλαξιμᾶριον
782 511 793 532 ,
822 482 927 532 quasi
947 483 1048 521 dicas
1069 483 1305 522 mutatorium.

374 577 409 611 p.
428 565 471 601 31
490 576 522 599 v.
539 565 593 599 16.
619 563 716 609 quasi
738 563 965 598 mutatorium
986 559 1268 608 ἄλλαξιμᾶριον,
1301 560 1440 608 optime.
1467 565 1505 596 at
1526 572 1592 596 non
1613 560 1662 596 ita
1682 572 1743 596 vc-

280 615 348 647 stes
373 615 509 645 mutare
531 610 700 654 significat
730 606 772 644 τὸ
804 605 1012 653 ἀλλάσσειν,
1045 608 1126 654 quin
1157 620 1219 655 pro
1245 608 1295 642 rie
1329 619 1436 643 novas
1456 618 1594 653 reasque
1624 618 1743 642 sacras

282 658 438 702 accipere
467 655 603 689 indicet.
659 654 927 699 Euchologium=
960 651 1128 689 ἀλλάσσει
1160 652 1180 688 ὁ
1228 651 1343 697 ερεύς.
1401 652 1567 688 Νὓοεῐαεε
1595 650 1746 698 πέμψας

281 700 383 746 ΐερέα
414 697 506 746 μετὰ
537 702 605 735 τοῦ
636 698 846 746 εὐαγγελίου
876 697 1120 745 ἀλλαγμένονε
1157 699 1206 735 ita
1224 702 1385 744 corrupte
1407 695 1632 745 ἧλλαγμὲνον
1655 698 1744 732 vice.

280 744 544 793 ἀλλαξιμοῖριον
565 747 682 793 itaque
707 751 761 782 est
787 746 882 782 locus
903 745 938 781 in
960 757 1027 793 quo
1051 752 1167 782 vestes
1199 744 1460 792 imperatoriae,
1493 756 1582 792 quae
1614 748 1652 780 et
1685 754 1746 779 sa-

285 805 388 839 crae,
415 798 636 840 reponuntur.

395 870 442 909 ib.
469 882 502 907 v.
529 870 591 910 18.
619 867 791 919 anacam]
821 867 967 919 Iunius,
985 871 1029 906 ut
1049 866 1232 907 Arabismi
1251 867 1436 919 specimen
1454 865 1564 917 edat,
1586 877 1747 904 anacam

285 925 377 965 haec
403 939 449 964 ex
467 925 606 963 Arabia
633 927 810 964 advocat:
840 939 926 964 nam
952 938 1042 963 vasa
1065 926 1142 963 sive
1164 925 1320 963 cacabos
1346 928 1412 962 aut
1435 923 1575 962 lebetes
1599 921 1746 960 vocales

284 983 409 1020 vocari
446 982 493 1022 ab
523 982 708 1020 Arabibus
741 981 916 1021 anakara.
961 982 1141 1020 eiusmodi
1180 983 1295 1019 ferme
1333 993 1416 1020 esse
1451 992 1547 1030 quae
1584 979 1624 1016 in
1653 978 1749 1016 Ger-

287 1039 412 1078 mania
430 1039 664 1090 appellentur
689 1038 960 1077 kesseltrommel.
989 1052 1054 1078 cur
1077 1051 1153 1076 non
1183 1037 1414 1089 heerpaulcem
1445 1048 1540 1086 quae
1567 1036 1680 1073 etiam
1708 1035 1748 1072 in

286 1097 393 1145 equis
412 1096 550 1147 pulsari
565 1099 726 1147 possunt
743 1099 782 1133 et
799 1094 949 1133 solent?
975 1095 1142 1146 tympani
1163 1107 1282 1144 genus
1305 1094 1476 1132 inferiore
1494 1096 1600 1144 parte
1618 1095 1749 1129 rotun-

285 1153 375 1192 dum
386 1180 398 1204 ,
428 1165 503 1203 quo
522 1153 707 1205 principes
727 1152 798 1190 hoc
817 1152 929 1191 etiam
951 1163 1043 1189 aevo
1065 1151 1120 1188 uti
1134 1155 1173 1189 et
1191 1151 1367 1189 delectari
1381 1152 1663 1189 consueverunt.

377 1234 464 1268 ibid.
517 1238 684 1279 tympana
724 1232 887 1278 inferiori
925 1237 1030 1278 parte
1067 1233 1230 1269 rotunda.
1276 1231 1326 1267 ita
1355 1231 1535 1267 Meursius.
1587 1240 1649 1265 cnr
1692 1239 1754 1264 ro-

285 1278 394 1314 tunda
419 1278 531 1324 potius
555 1291 655 1324 quam
680 1279 779 1324 plana
804 1279 860 1312 vel
886 1278 1029 1323 quodvis
1053 1278 1142 1311 aliud
1159 1289 1224 1313 vox
1239 1277 1422 1333 significet,
1448 1277 1624 1312 edisserat.
1671 1275 1751 1319 lego

285 1325 377 1372 apud
403 1325 559 1359 Nicetam
583 1325 618 1358 in
647 1324 806 1359 Manuele
828 1325 851 1358 l.
877 1324 921 1358 5:
949 1320 1143 1370 ἒβαρυήχει
1165 1320 1212 1358 τοὶ
1235 1323 1427 1370 κυμβαλα,
1459 1323 1520 1357 ubi
1549 1321 1618 1356 alia
1648 1321 1750 1355 lectio

284 1371 390 1405 habet
420 1367 668 1413 ἀνακαράὸαι.
715 1373 795 1404 sunt
826 1369 944 1413 itaque
973 1366 1021 1403 τοὶ
1054 1366 1229 1411 aiveinana
1252 1370 1368 1403 eadem
1394 1379 1482 1414 quoe
1501 1365 1688 1413 κύμβαλαε
1717 1368 1752 1400 at

285 1416 442 1461 cymbala
465 1427 486 1450 a
509 1414 681 1469 tympanis
704 1426 802 1460 quam
826 1414 979 1456 diversa,
1004 1414 1086 1448 licet
1105 1414 1139 1448 in
1165 1415 1315 1458 Cybeles
1340 1414 1456 1448 matris
1471 1414 1610 1447 deorum
1625 1423 1646 1445 a
1662 1412 1751 1446 Gal-

282 1462 326 1496 lis
351 1461 394 1495 ad
416 1460 561 1495 invicem
584 1465 719 1503 iuncta3
749 1460 839 1494 unde
868 1463 904 1493 et
933 1460 1119 1504 Apionem‚
1146 1459 1205 1505 qui
1227 1470 1264 1494 se
1289 1459 1477 1504 cymbalum
1501 1458 1614 1493 muudi
1643 1457 1754 1491 iacta-

283 1508 368 1550 bat,
393 1510 588 1551 tympanum
613 1506 798 1540 iuventutis
823 1505 936 1550 potius
959 1505 1146 1540 vocandum
1169 1505 1314 1539 asseruit.
1337 1505 1513 1540 Tiberius,
1561 1514 1650 1549 quae
1676 1507 1753 1537 tan-

285 1553 364 1588 dem
385 1550 582 1599 ιιύμβαλαὲ
628 1551 771 1586 Suidas:
795 1547 979 1595 θυμελικοὶ
1002 1549 1177 1594 παίγνια,
1200 1551 1404 1585 histrionum
1419 1550 1552 1584 mudca
1568 1554 1601 1584 et
1616 1549 1755 1583 ludicra

285 1599 529 1634 instrumenta.
575 1597 611 1631 in
636 1597 894 1642 epigrammata
922 1595 987 1630 καὶ
1009 1592 1163 1642 κύμβαλ’
1179 1592 1373 1635 ὄξύὸουπα
1389 1596 1615 1640 κοιλιχείλεα.
1660 1594 1756 1629 Tur-

288 1645 396 1679 nebus
422 1644 568 1678 Advers.
592 1645 638 1678 26
659 1644 726 1688 33,
757 1643 792 1677 ἰιι
819 1643 884 1676 hoc
915 1642 1084 1687 Propertii
1112 1638 1299 1686 “cymbala
1335 1643 1499 1677 Thebano
1534 1651 1758 1685 concrepuere

289 1691 351 1725 deo
360 1686 391 1734 ‚⁰
416 1690 447 1724 si
471 1689 547 1734 quis
574 1700 628 1724 me
653 1692 769 1733 roget,
793 1687 921 1733 inquit,
957 1688 1056 1733 quale
1082 1689 1270 1731 cymbalum
1294 1688 1416 1729 fuerit,
1450 1698 1526 1722 eum
1556 1686 1685 1721 mittam
1713 1685 1757 1719 ad

289 1736 429 1770 herbam
460 1735 715 1780 cotyledonem,
753 1734 847 1768 cuius
878 1733 962 1767 folia
992 1733 1137 1778 cymbali
1171 1733 1318 1779 speciem
1351 1735 1514 1768 referunt.
1560 1730 1759 1767 Scribonius

290 1782 442 1826 Largus:
466 1781 551 1816 item
572 1785 796 1815 mentastrum
820 1780 875 1814 vel
900 1780 1053 1814 radicem
1077 1776 1349 1823 κοτυληδόνας,
1384 1791 1473 1824 quac
1496 1779 1602 1813 herba
1627 1777 1759 1812 similia

285 1828 381 1873 folia
398 1827 561 1872 cymbalis
577 1828 690 1861 habet.
737 1826 822 1859 haec
848 1825 918 1860 ille.
964 1825 1050 1859 addo
1080 1825 1313 1868 cotyledonem
1337 1825 1435 1859 etiam
1460 1824 1652 1868 cymbalion
1668 1821 1757 1867 apud

291 1874 444 1916 Tragum
467 1873 593 1907 vocari.
639 1871 719 1906 vide
745 1871 886 1916 figuram
909 1871 1000 1917 apud
1022 1870 1239 1906 Matthiolum
1263 1877 1300 1905 et
1319 1871 1402 1906 alios
1425 1869 1645 1917 physiologos
1672 1867 1760 1903 Dio-

290 1919 437 1954 scoridis
458 1922 751 1953 commentatores,

386 1998 421 2031 p.
438 1987 484 2021 32
497 1997 532 2020 v,
550 1987 605 2021 11.
631 1981 689 2021 ὅτι
711 1980 732 2019 ὃ
757 1980 1070 2028 πρωτοστρᾶτωρ]
1098 1983 1233 2029 scriptis
1258 1995 1280 2018 a
1297 1985 1462 2017 Gretsero
1479 1985 1557 2027 post
1571 1980 1759 2015 Meursium

293 2032 339 2066 de
357 2042 456 2065 cursu
483 2036 518 2064 et
540 2031 734 2065 cursoribus
758 2031 844 2063 addo
870 2042 912 2063 ex
936 2029 1156 2063 Tacticorum
1182 2029 1306 2063 Leonis
1329 2034 1435 2062 const.
1450 2030 1470 2063 7
1487 2029 1593 2061 locum
1609 2026 1762 2060 auctoris

294 2076 355 2112 de*
387 2080 608 2110 rotostratore
631 2076 835 2110 sententiam
860 2075 985 2108 diserte
1011 2074 1247 2119 explicantem.
1293 2068 1401 2113 ἑτέρα
1424 2069 1466 2106 δὲ
1490 2072 1645 2117 κίνησις,
1668 2067 1759 2105 ὥστε

293 2089 516 2167 ἐπιέιώκῃς,
549 2118 611 2156 ὅτε
633 2118 700 2165 μὲν
724 2117 791 2154 σὺν
814 2116 958 2165 ἕλασίᾳ,
990 2116 1038 2158 ὥς
1060 2117 1294 2162 κούρσωρας,
1327 2116 1392 2159 οὓς
1429 2115 1468 2153 οἴ
1496 2119 1565 2152 νῦν
1597 2114 1761 2160 neoni-02-

294 2179 382 2206 στας
404 2164 587 2211 λέγουσιν,
612 2162 673 2201 ὅτε
697 2162 739 2200 δὲ
763 2161 1074 2208 συντεταγμένως,
1101 2161 1149 2204 ὥς
1173 2163 1454 2209 ὃιαφὲνσωρας,
1477 2159 1542 2204 οὓς
1563 2160 1668 2209 ἡμεῖς
1690 2174 1756 2196 κα-

294 2214 426 2257 λοῦμεν
458 2208 638 2251 ἐκδίκους.
685 2209 749 2245 καὶ
778 2207 814 2244 εἰ
843 2207 911 2253 μὲν
944 2207 991 2249 ὥς
1023 2207 1237 2253 κούρσωρας
1267 2207 1336 2255 χρὴ
1366 2212 1503 2254 κινεῖν,
1536 2206 1662 2253 παράγ
1685 2209 1762 2243 sne

289 2256 443 2304 “ὃρόμῳ
469 2254 575 2301 ἔλα,”
601 2254 665 2291 καὶ
688 2254 756 2295 ἕως
779 2250 861 2296 ἕνός
883 2255 1004 2299 μιλίου
1029 2252 1231 2289 ἀποκινῶσι
1260 2253 1326 2290 σύν
1360 2252 1505 2302 ἐλασίᾳ·
1539 2251 1606 2291 ἐὰν
1637 2219 1684 2289 δῖ
1714 2250 1763 2293 ὡς

295 2301 574 2347 διαφένσωρας,
607 2300 832 2347 παράγγελλε
853 2298 970 2346 “fastui
990 2301 1054 2345 τῆς
1077 2298 1215 2343 τάξεως
1246 2299 1450 2336 ἀκολούθει
1462 2297 1493 2345 ,”
1517 2299 1583 2335 καὶ
1604 2298 1763 2335 α’κολου-

295 2351 394 2385 θῶσι
417 2345 719 2393 συντεταγμένως.
766 2358 810 2380 ex
838 2347 902 2381 hoc
927 2347 1049 2380 Leonis
1079 2347 1179 2381 alium
1211 2347 1360 2382 Cedreni
1391 2346 1558 2392 percipies
1588 2346 1696 2381 locum
1727 2346 1763 2379 in

297 2395 465 2431 Michaele
491 2394 708 2439 Curopalate.
755 2392 902 2427 Leonem
930 2394 1118 2427 Armenium
1143 2393 1315 2438 imperium
1348 2393 1601 2438 auspicantem,
1634 2390 1763 2447 regiam

297 2446 548 2487 assumpturum
579 2444 727 2481 vestem,
764 2449 969 2472 communem
1002 2450 1100 2483 quam
1134 2438 1323 2484 deponebat
1355 2439 1408 2485 τῷ
1438 2439 1512 2472 τῶν
1546 2434 1764 2481 ἴπποκομων

296 2484 535 2531 στρατεύοντι
557 2482 729 2530 Μιχαήλ,
750 2484 995 2529 protostrator-1·
1020 2485 1203 2527 Michaeli,
1233 2486 1338 2519 Balbo
1363 2484 1526 2525 nimirum,
1540 2483 1675 2517 dedisse
1690 2485 1765 2516 ret-

298 2534 447 2574 tulerat,
487 2531 696 2576 eundemque
727 2530 805 2564 dato
835 2529 1014 2563 intervallo
1041 2529 1083 2563 de
1115 2530 1294 2584 tyrannide
1324 2530 1489 2564 affectata
1519 2533 1711 2574 suspectum
1741 2538 1765 2562 a

299 2580 418 2613 Leone
442 2578 575 2612 missum
598 2572 752 2611 τακτικὰ
776 2573 966 2609 διδάσκειν
989 2572 1055 2608 τὸν
1074 2571 1147 2609 ὑπο
1170 2578 1276 2620 χεῖρα
1300 2573 1391 2610 λαόν
1406 2574 1578 2610 describit.
1625 2577 1664 2607 ut
1681 2571 1763 2618 quid

300 2624 366 2658 nisi
413 2624 468 2658 uia
491 2633 648 2657 cursores
671 2627 707 2656 et
734 2621 948 2667 defensores,
973 2625 1113 2655 auctore
1135 2625 1245 2665 teste,
1271 2621 1438 2665 ducebat,
1467 2620 1517 2655 ita
1536 2617 1586 2654 τοὶ
1607 2614 1763 2654 τακτικά

303 2681 364 2704 eos
412 2681 512 2703 ocere
536 2667 740 2703 teneretur?

416 2740 502 2778 ibid.
543 2734 860 2791 κουρσευόντων]
890 2732 1127 2789 κουρσεύειν
1156 2740 1214 2775 est
1243 2736 1435 2788 praedari,
1466 2734 1619 2786 praedas
1647 2745 1765 2783 agere.

305 2801 466 2849 possunt
506 2800 631 2833 tamen
668 2795 726 2833 hic
762 2807 829 2846 per
868 2789 1159 2845 κουρσεύοντας
1203 2794 1316 2832 etiam
1356 2792 1406 2830 illi
1443 2791 1597 2841 intelligi
1633 2791 1697 2839 qui
1727 2790 1766 2827 in

305 2853 433 2891 hostes
453 2857 558 2893 extra
577 2852 743 2891 ordinem
772 2851 1005 2890 excursiones
1032 2851 1182 2889 faciunt.
1213 2850 1325 2905 paulo
1349 2853 1437 2903 post
1473 2845 1521 2889 τοὶ
1550 2842 1769 2901 κουρσευό-
