1832 3178
252 188 313 234 10
670 190 870 236 CODINI
903 191 1298 237 CUROPALATAE

383 301 405 347 5
428 304 492 347 ἐπὶ
512 307 584 360 τῆς
603 305 811 361 τραπέζης.

384 371 405 415 5
426 374 553 429 μέγας
574 375 771 423 παππιάς.

384 439 406 483 5
429 442 616 498 ἔπαρχος.

381 509 403 552 5
423 511 549 566 μέγας
570 505 835 566 δρουγγάριος
852 511 925 568 ῑῆς
943 507 1098 565 βῖγλης.

380 576 403 620 5
424 579 551 634 μέγας
571 575 840 634 ἑταιριάρχης.
1720 591 1743 625 5

381 645 403 689 5
424 647 549 702 μέγας
563 644 875 702 χαρτουλάριος.

382 713 403 757 5
427 715 647 770 λογοθέτης
670 718 743 757 τοῦ
762 712 931 772 δρόμου.

379 781 402 825 5
422 786 767 839 πρωτασηκρῆτις.

379 849 401 894 5
425 853 488 893 ἐπὶ
508 855 582 893 τοῦ
604 854 796 908 στρατοῦ.

378 918 400 962 5
423 918 630 974 μυστικός.
1720 933 1766 969 10

380 986 402 1031 5
426 989 660 1042 ὂομέστικος
679 990 760 1030 τῶν
781 991 954 1041 σχολῶν.

380 1055 402 1099 5
424 1057 549 1113 μέγας
573 1053 836 1112 ὄρουγγάριος
854 1060 928 1098 τοῦ
947 1052 1108 1099 στόλου.

381 1123 403 1168 ὅ
428 1123 714 1182 πριμμικήριος
730 1129 803 1178 τῆς
822 1124 962 1180 αὐλῆς.

383 1192 405 1236 5
428 1190 810 1250 πρωτοσπαθάριος.

127 1269 157 1302 P
183 1269 227 1303 19
382 1260 403 1305 5
428 1262 555 1317 μέγας
577 1260 725 1317 ἅρχων.
1722 1274 1764 1311 15

381 1329 402 1372 5
415 1334 553 1381 ,τατᾶς
573 1331 714 1384 αὐλῆς.

381 1397 403 1442 5
425 1399 551 1454 μέγας
571 1397 794 1450 τζαούσιος.

381 1465 403 1511 5
427 1469 608 1525 πραίτωρ
628 1470 699 1509 τοῦ
724 1464 872 1520 δήμου.

380 1534 402 1578 ὅ
426 1537 646 1592 λογοθέτης
666 1538 746 1578 τῶν
768 1536 987 1577 οἷκειακῶν.

380 1603 401 1646 5
423 1605 550 1660 μέγας
571 1600 852 1660 λογαριαστής.
1718 1619 1765 1654 20

379 1671 400 1715 5
423 1670 742 1731 πρωτοκυνηγός.

333 1793 352 1827 1
377 1787 401 1826 ο“
423 1789 485 1825 ἐπὶ
507 1790 574 1833 τῆς
594 1787 779 1835 τραπέζης
802 1800 857 1824 om
879 1788 910 1823 Β
1023 1789 1047 1824 8
1066 1785 1234 1833 ὕπαρχος
1255 1787 1286 1822 Β
1403 1790 1446 1826 11
1470 1787 1710 1835 δομέστικος]

331 1834 506 1881 μυστικάς
528 1838 557 1871 Ρ
697 1836 741 1870 16
764 1831 812 1868 τὰ
840 1834 910 1880 τῆς
931 1830 1052 1880 αὐλῆς
1073 1834 1135 1870 AB

381 1939 587 1974 Praefectus
610 1947 764 1972 mensae.

381 1986 531 2029 Magnus
555 1983 716 2030 pappias.

381 2031 579 2075 Eparchus.

380 2077 531 2120 Magnus
554 2073 762 2119 drungarius
781 2071 979 2118 vigiliarum
1001 2084 1064 2109 seu
1087 2073 1319 2110 excubiarum.
1547 2069 1568 2091 *

339 2147 347 2154 ,
381 2123 532 2166 Magnus
555 2120 806 2155 hetaeriarcha.

383 2169 533 2212 Magnus
558 2165 800 2201 chartularius.

383 2214 582 2257 Logotheta
604 2211 738 2258 publici
761 2221 895 2246 cursus.

383 2259 522 2294 Primus
546 2257 770 2293 secretarius.

382 2305 588 2340 Praefectus
610 2303 797 2339 exercitus.

381 2351 569 2395 Mysticus.

381 2397 602 2432 Domesticus
626 2394 832 2430 scholarum.

383 2443 533 2488 Magnus
558 2440 765 2486 drungarius
788 2440 921 2476 classis.

382 2488 606 2523 Primicerius
632 2486 743 2522 aulae.

382 2533 706 2580 Protospatharius.

383 2581 533 2624 Magnus
556 2579 734 2625 princeps.

384 2626 499 2660 Tatas
522 2626 634 2660 aulae.

386 2672 537 2716 Magnus
560 2670 729 2706 tzausius.

387 2717 539 2752 Praetor
561 2717 695 2763 populi.

389 2763 587 2808 Logotheta
608 2775 722 2798 rerum
747 2759 1010 2796 domesticarum
1031 2760 1263 2797 familiarium.

389 2810 539 2855 Magnus
562 2808 783 2853 logariastes.

390 2855 527 2891 Primus
550 2860 766 2890 venatorum.
