1820 3178
584 201 645 246 IN
672 200 870 246 CODINI
903 200 1017 246 GAP.
1050 199 1086 245 1.
1473 201 1569 247 139

119 309 287 347 archiam
309 308 470 344 videlicet
491 309 703 344 cefimoniale
725 308 782 343 vel
807 308 1062 354 euchologium,
1082 308 1273 345 orationum
1299 308 1578 355 promptuarium,

120 361 161 393 ut
173 368 263 402 quae
274 361 353 391 sunt
366 355 500 400 agenda
513 355 700 390 dicendave
714 359 886 400 suggerat.

228 425 514 466 Enthronismus
539 437 604 463 seu
636 425 933 464 enthroniasmus
963 429 1004 464 et
1031 425 1090 464 ius
1117 427 1269 465 mucii
1292 425 1331 462 in
1355 424 1575 474 chirotonia,

118 483 190 522 hoc
226 485 287 520 est
326 483 558 522 ordinatione
598 494 666 519 seu
701 482 1004 534 inauguratione,
1051 483 1227 522 distincta
1260 485 1350 528 sunt
1392 494 1416 519 a
1453 482 1576 534 priore

117 539 252 578 munia.
1092 556 1094 558 v
1200 554 1202 557 ·
1436 573 1439 575 ,

210 614 245 648 p.
266 602 288 637 5
309 613 351 637 v,
367 603 403 636 2.
444 601 621 647 Reliquiae
640 603 704 637 sub
735 602 836 637 altari
861 601 1060 637 reconditae
1081 601 1118 636 in
1143 601 1308 638 ecclesiae
1321 602 1576 637 consecratione

119 644 421 692 ἐνθρονίζονται,
453 653 542 687 teste
558 648 771 692 Euchologio
795 649 830 682 in
852 648 969 683 eodem
993 648 1123 684 officio.
1167 649 1242 693 ipse
1263 648 1441 694 episeopus
1456 660 1576 683 conse-

120 694 272 729 cratione
296 696 436 738 peracta
456 694 580 728 sedens
593 704 668 727 cum
693 694 904 739 presbyteris
925 690 966 728 ἐν
990 691 1210 740 συνθρόνῳ,
1240 695 1278 728 in
1307 696 1430 730 throno
1461 697 1576 730 attare

119 739 434 783 circumambiente,
456 750 572 774 rursus
588 735 840 783 ε’νθρονίζεται
861 739 918 773 vel
939 735 1234 782 ἔνθρονιοὶζεται.
1278 739 1365 774 idem
1383 739 1514 774 demum
1529 738 1575 774 ad

118 785 349 832 praesulatum
365 785 502 830 primum
519 790 680 825 evectus,
704 794 963 829 concessamque
984 786 1096 819 sedem
1120 788 1276 818 recenter
1298 794 1488 829 occupans,
1510 797 1575 819 ve-

118 831 191 866 rius
215 828 512 874 ἐνθρονιάζεταιε
536 831 622 864 unde
647 831 821 865 Oedi-enus
842 831 877 864 in
901 831 1103 866 Constantio
1128 827 1196 866 τὸν
1214 827 1283 875 μὲν
1299 831 1408 875 inquit
1423 831 1577 864 Παῦλον

118 872 289 920 ἐξορίζει,
310 872 378 910 τὸν
399 873 443 910 δὲ
465 874 706 911 Μακεδόνων
728 873 973 919 ἐνθρονιάζει.
1019 877 1096 920 lego
1120 887 1218 921 quam
1234 876 1380 911 dilucide
1393 877 1480 910 luris
1504 876 1574 910 GR

119 934 156 968 p-
171 917 502 969 ‘lsslivuffookudv
523 933 584 967 pro
599 923 775 966 sportula,
806 933 894 967 quae
920 921 1132 967 pendebatur
1156 922 1198 957 ab
1215 923 1375 968 episcopo
1393 921 1574 967 pauperio-

118 967 213 1002 ribus
235 966 383 1010 clericis,
406 979 506 1013 quum
522 968 556 1001 in
571 968 689 1001 solium
706 967 949 1002 collocaretur:
973 968 1085 1002 satius
1101 973 1211 1002 tamen
1227 979 1376 1002 asseram
1390 968 1445 1002 vel
1458 968 1575 1001 literas

108 1012 282 1048 *ecclesiae
295 1019 534 1055 consecratae,
554 1013 612 1047 vel
625 1013 747 1048 similes
759 1013 868 1058 ipsius
884 1012 996 1058 episco
1023 1013 1034 1047 i
1048 1013 1235 1047 consecrati
1250 1018 1357 1048 testes
1367 1041 1379 1058 ‚
1407 1014 1463 1047 vel
1479 1012 1574 1047 deni-

119 1070 186 1104 que
209 1059 318 1106 ipsum
341 1058 512 1093 ordinandi
536 1059 688 1106 episcopi
710 1071 752 1093 ac
774 1060 808 1093 iu
824 1058 941 1094 solium
958 1026 1145 1093 collocandi
1160 1059 1261 1093 ritum
1278 1071 1352 1094 esse
1374 1054 1576 1101 ἔνθρονια-

119 1101 223 1150 σμόν.
269 1115 310 1138 ea
327 1103 370 1138 de
386 1115 487 1139 causa
501 1104 646 1139 observo
663 1105 963 1139 hieromnemonem
987 1105 1097 1139 adhuc
1120 1109 1256 1148 tenere,
1282 1109 1385 1151 prout
1407 1105 1576 1140 subditur.

228 1172 287 1211 Ex
318 1173 375 1212 his
404 1187 499 1224 quae
524 1175 571 1212 de
598 1176 772 1214 contaciis
801 1178 841 1213 et
870 1170 1003 1228 εὐχαῖς
1041 1175 1221 1225 diximus,
1257 1175 1375 1224 quivis
1410 1175 1578 1212 eruditus

119 1229 222 1268 nullo
255 1231 407 1281 negotio
433 1232 606 1269 iudicium
635 1233 733 1270 feret
759 1233 806 1269 de
831 1231 901 1269 illis
935 1244 1030 1280 quae
1066 1234 1334 1269 commentatur
1361 1231 1401 1268 in
1429 1231 1576 1268 scholiis

120 1287 197 1324 suis
215 1286 341 1324 Iunius
361 1287 424 1326 fol.
451 1289 556 1337 248,
583 1289 686 1330 249:
717 1288 1011 1338 quotiescunque
1042 1288 1140 1326 enim
1168 1290 1362 1326 contacium
1386 1290 1581 1326 cantionem

121 1356 187 1382 seu
210 1345 442 1383 cantationem
461 1345 595 1395 vertit,
630 1345 742 1382 toties
769 1345 1033 1394 hallucinatur,
1062 1357 1131 1383 nec
1157 1343 1232 1381 ullo
1263 1357 1309 1382 ex
1332 1343 1412 1382 loco
1444 1344 1582 1382 Codini

121 1412 248 1438 verum
266 1404 305 1438 et
324 1399 484 1438 solidum
500 1401 614 1439 errori
633 1415 701 1439 suo
715 1402 960 1453 patrocinium
972 1402 1136 1439 invenire
1155 1404 1294 1452 potest.

234 1476 451 1517 Adscribam
472 1479 532 1517 hic
559 1478 782 1518 Anconitani
801 1480 990 1517 cuiusdam
1019 1479 1162 1529 origine
1183 1478 1316 1515 Graeci
1336 1478 1511 1515 iudicium
1535 1478 1584 1516 de

122 1535 314 1585 contacio,
351 1536 453 1573 cuius
479 1540 556 1573 tam
583 1537 757 1585 frequens
789 1538 827 1574 in
856 1535 1050 1573 ritualibus
1086 1535 1312 1572 Graecorum
1346 1534 1447 1571 libris
1476 1539 1516 1571 et
1543 1534 1583 1572 in

125 1591 272 1628 Codino
289 1592 450 1642 mentio,
479 1592 542 1640 qui
561 1605 673 1642 super
692 1593 762 1629 hac
779 1604 820 1630 re
845 1595 1000 1641 rogatus
1025 1591 1124 1628 hunc
1148 1590 1187 1628 in
1212 1591 1364 1627 modum
1381 1590 1581 1640 rescripsit.

123 1641 338 1686 κοντᾶκιον
355 1661 426 1685 non
461 1647 635 1685 Latinam
659 1661 774 1685 vocem
798 1647 858 1685 sed
886 1649 1060 1685 Graecam
1090 1659 1160 1684 esse
1195 1647 1367 1691 arbitror,
1402 1647 1482 1684 licet
1504 1659 1580 1684 ver-

123 1702 302 1741 naculam.
325 1698 469 1743 κοντὸν
497 1706 585 1741 enim
610 1704 711 1742 hodie
734 1705 879 1743 Graecis
897 1707 947 1741 est
967 1699 1011 1742 τὸ
1040 1697 1186 1754 βραχύ,
1213 1699 1258 1742 τό
1288 1697 1488 1754 σύντομον
1512 1700 1582 1742 καὶ

126 1757 458 1809 συνεσταλμένον,
487 1760 537 1797 *id
559 1764 609 1796 est
636 1761 758 1808 breve,
795 1759 1085 1811 compendiariam
1113 1762 1146 1796 et
1173 1762 1401 1796 contractum.
1437 1757 1582 1809 proinde

126 1827 152 1853 a
173 1815 341 1853 brevitate
365 1818 515 1854 canticis
539 1816 743 1854 eiuscemodi
762 1829 882 1854 nomen
906 1816 1059 1853 inditum
1079 1818 1189 1865 puto,
1221 1828 1287 1852 non
1321 1815 1456 1865 quidem
1492 1814 1583 1865 quod

125 1873 274 1909 omm‘um
307 1872 529 1921 breuissima,
562 1872 624 1910 sed
659 1873 752 1924 quod
777 1875 868 1910 inter
898 1872 1102 1909 brevissima
1134 1873 1215 1908 sint.
1270 1871 1472 1909 huiusmodi
1500 1883 1581 1908 vero

123 1928 382 1966 nmaeraelatura
411 1929 505 1967 nulli
529 1930 621 1966 mira
647 1929 831 1977 videatur,
859 1941 938 1966 cum
970 1930 1009 1965 in
1042 1928 1253 1965 Graecorum
1274 1927 1465 1965 ritualibus
1497 1927 1582 1964 lauic

125 1983 254 2022 sinn'les
269 1985 400 2022 multae
417 1987 655 2036 reperiantur,
681 1988 750 2023 imo
775 1986 881 2023 etiam
907 1983 1092 2022 nonnullae
1115 1995 1214 2021 voces
1239 1996 1328 2033 quae
1348 1983 1404 2021 vel
1422 1983 1582 2021 Latinae

126 2042 264 2078 omnino
280 2045 361 2078 sunt
386 2041 442 2079 vel
468 2041 617 2079 Latinis
646 2042 767 2092 affines
798 2045 831 2079 et
865 2041 911 2078 ab
939 2041 1014 2078 illis
1042 2042 1146 2090 quasi
1170 2039 1360 2085 deductae3
1388 2040 1585 2077 cuiusmodi

127 2100 208 2134 sunt
230 2092 422 2147 ὤρᾶριον,
450 2095 714 2149 μανουάλιον,
745 2095 957 2148 φακέλλιον
978 2101 1010 2135 et
1031 2096 1175 2134 similia.
1213 2098 1295 2146 quin
1315 2098 1418 2134 etiam
1441 2099 1475 2134 si
1494 2100 1583 2133 tem-

123 2165 212 2203 pora
242 2156 274 2189 et
297 2157 444 2191 aetatem
468 2156 541 2192 τοῦ
568 2157 737 2205 ποιητοῦ
764 2156 845 2193 τῶν
871 2153 1091 2192 κοντακίων
1119 2155 1333 2200 scrutemur,
1362 2165 1482 2190 nomen
1509 2152 1584 2191 τοῦ

128 2207 340 2248 κοντακίου
356 2209 452 2248 haud
471 2210 620 2248 insolens
641 2210 833 2258 videbitur,
867 2222 943 2247 cum
973 2209 1154 2246 Romanus
1184 2208 1351 2245 diaconus
1379 2208 1584 2255 Ειηεεεηιιε,

129 2267 172 2301 ut
203 2264 349 2302 liabetur
375 2267 414 2303 in
443 2265 604 2303 Menaeis
638 2267 848 2304 Graecorum
876 2278 985 2303 mense
1018 2265 1164 2302 Octobri
1199 2264 1257 2302 die
1283 2266 1422 2314 prima,
1448 2266 1585 2314 primus

130 2321 212 2359 ‘miv
230 2321 450 2360 κοντακίων
476 2326 599 2359 auctor
616 2327 650 2360 et
675 2325 898 2360 concinnator
920 2321 1109 2359 Anastasii
1132 2322 1349 2371 imperatoris
1377 2323 1516 2367 aetate,
1546 2318 1586 2356 id

133 2379 187 2414 est
211 2378 305 2414 circa
333 2390 460 2414 annum
485 2377 615 2415 domini
643 2380 971 2429 quingentesimum,
993 2378 1182 2428 floruerit,
1223 2389 1288 2426 quo
1320 2380 1470 2424 tempore
1501 2387 1589 2424 pene

133 2436 318 2483 corruptus
351 2436 384 2471 et
424 2433 646 2471 adulteratus
689 2438 763 2472 erat
796 2435 952 2472 Graecus
992 2446 1123 2479 sermo,
1163 2435 1205 2468 ut
1239 2432 1302 2468 hoc
1339 2430 1432 2468 idem
1468 2443 1590 2468 nomen

133 2489 282 2525 ostendit
297 2491 331 2526 et
351 2490 426 2527 eius
440 2492 567 2527 aetatis
589 2490 729 2529 locutio.
768 2494 807 2528 et
839 2490 931 2528 haec
959 2489 1109 2539 quidem
1138 2490 1238 2525 recte
1259 2499 1302 2523 ac
1331 2487 1441 2523 docte
1471 2485 1589 2524 Grae*

133 2557 199 2582 cus
218 2545 300 2582 iste.

246 2611 443 2648 Caeterum
469 2607 682 2651 κοντᾶκιον
708 2612 829 2650 adhuc
865 2623 977 2649 unam
1003 2611 1194 2648 notionem
1221 2607 1423 2645 subiectam
1449 2606 1584 2645 habet:

134 2666 317 2717 significat
347 2668 444 2704 enim
470 2668 580 2704 etiam
612 2667 745 2705 librum
771 2681 838 2706 seu
865 2668 1036 2705 volumen
1065 2678 1130 2703 seu
1158 2665 1331 2702 codicem.
1388 2663 1586 2701 Balsamon

135 2724 186 2760 ad
217 2723 383 2761 Marcum
423 2723 668 2774 patriarcham
705 2723 991 2762 Alexandrinum
1020 2722 1205 2771 Respons.
1237 2721 1284 2761 5:
1325 2718 1475 2771 ἔχοντες
1506 2723 1589 2759 τῶν

137 2775 329 2830 συνήθων
350 2779 474 2832 ἁγίων
495 2775 622 2830 εὐχῶν
650 2775 948 2831 ἄπαράλλακτα,
979 2776 1034 2825 ὦς
1064 2774 1359 2828 μεταγραφέντα
1382 2775 1424 2815 ἐκ
1452 2790 1588 2815 κοντα-

136 2835 236 2875 κίων
249 2835 670 2890 καλλιγραφηθέντων,
697 2833 763 2876 6ιοῖ
783 2832 1022 2891 γραμμάτων
1043 2831 1296 2884 Ἑλληνικῶν.
1325 2826 1590 2884 ἆπροσδιονῦ·

1600 1231 1630 1266 Ρ
1656 1231 1721 1266 156
