1820 3178
285 163 380 211 154
497 164 774 213 GRETSERI
797 166 870 209 ET
897 163 1071 210 GOARI
1089 164 1525 208 COMMENTARIUS

278 276 403 327 officia
434 276 717 326 domesticorum,
757 278 796 312 et
829 274 930 324 apud
960 273 1145 312 Codinum
1179 286 1209 311 c.
1239 274 1265 316 7
1292 273 1336 314 οἱ
1355 275 1430 315 τοῦ
1460 273 1728 327 δομεστικείου

278 331 521 385 couterino»,
549 336 588 371 et
613 346 643 370 c.
665 332 690 374 5
718 331 976 381 δομεστίκιον.

367 419 402 453 p.
428 409 451 442 6
480 419 514 441 v.
548 407 581 442 6.
619 406 847 440 Domesticum
878 406 1027 439 dicemus
1058 404 1235 451 aliquando
1264 403 1488 449 praepositum
1518 404 1721 448 significare.

277 453 321 487 de
335 452 408 487 istis
426 452 557 486 duobus
573 452 747 496 utriusque
763 451 856 485 chori
877 451 1017 485 ducibus
1034 450 1219 486 Allatiana=
1244 448 1284 485 οἷ
1296 447 1365 484 δύο
1380 447 1587 494 &autemnon
1603 449 1725 484 ἵσταν-

277 511 339 533 ται
371 495 411 532 ἐν
440 501 520 537 τοῖς
551 495 619 531 δύο
649 500 775 542 χοροῖς
808 494 898 540 μετὰ
930 497 997 530 τοῦ
1019 494 1311 540 πρωτοψάλτου,
1347 493 1412 529 καὶ
1433 493 1634 539 ψάλλοντες
1656 507 1725 539 φο-

278 544 382 586 ροῦσι
404 540 641 587 σφικτούρια,
673 539 722 583 ὥς
742 538 1021 587 πρωτοψοίλπης.
1067 542 1259 577 domesticis
1283 541 1466 584 adiungunt
1489 537 1558 574 δύο
1582 551 1726 586 πριμμι-

278 589 429 635 κηρίους
444 585 658 633 ἵσταμέυους
678 585 769 633 μετὰ
794 588 866 623 τῶν
885 587 1123 633 ὃομεστίκωυ·
1146 585 1349 633 ψάλλοντες
1363 584 1426 620 καὶ
1441 582 1559 621 αὐτοί.

386 659 473 698 ibid.
495 671 527 696 v.
547 661 585 699 7.
617 659 794 706 Sequitur
822 653 1114 708 λαοσυνᾶκτης,
1143 657 1192 694 ad
1214 656 1366 694 verbum
1385 655 1509 707 populi
1525 660 1728 694 convocator

274 720 307 753 et
323 719 573 764 congregator,
602 715 709 752 Iunio
731 717 844 763 cocio,
869 706 936 750 se'd
952 714 1056 751 nihili
1073 716 1176 751 cocio.
1206 713 1369 750 eiusdem
1386 713 1550 750 meminit
1574 712 1726 761 Citrius‚

271 772 402 808 eodem
433 771 581 808 nomine
609 771 791 821 interpres
823 770 966 819 reddit,
1003 769 1123 819 populi
1157 773 1312 814 coactor5
1342 772 1525 806 corrector
1556 769 1726 817 correxit,

273 827 430 865 collector
457 828 534 865 sive
561 831 801 877 congregator.
838 826 940 866 cuius
970 825 1130 866 officium
1160 825 1307 877 publico
1331 825 1439 876 signo
1471 824 1650 876 populum
1675 825 1725 863 ad

272 896 350 921 rem
369 884 529 922 divinam
551 896 764 922 convocare.

364 958 458 992 Duos
484 958 637 992 scribunt
667 957 854 999 Allatiana,
896 959 933 991 et
956 954 1216 996 λαοσυυᾶπτας
1240 959 1387 992 vocant:
1429 952 1468 991 οἴ
1499 952 1569 991 δύο
1591 957 1724 990 lavov-

275 1001 416 1037 νᾶπται
439 1006 508 1049 (—
522 1015 605 1038 nrm
629 1003 683 1044 M)
708 1000 905 1046 συνάγουσι
926 998 1247 1056 τούςκδιακόνους,
1269 1000 1334 1036 καὶ
1357 998 1645 1056 οἶνᾳγορεύουσιν
1661 1001 1725 1035 ἵνα

270 1045 321 1129 μὲιὴ
339 1049 459 1129 λλείζιῃ
484 1049 619 1090 naveis.
665 1046 862 1094 συνάγουσι
893 1045 935 1083 δὲ
964 1059 1051 1089 τους
1081 1044 1263 1094 ἄρχοντας
1295 1045 1358 1083 καὶ
1381 1059 1446 1083 τον
1468 1044 1560 1083 λαὸν
1582 1045 1635 1088 εἰς
1656 1043 1726 1092 τὴν

295 1106 338 1128 nn
360 1106 480 1139 ησιαν.

387 1164 432 1202 In
447 1163 592 1215 Typico
611 1165 650 1203 S.
671 1163 792 1202 Sabae
814 1164 958 1202 videtur
983 1163 1159 1215 appellari
1185 1160 1490 1216 κανδηλοῖπτης,
1517 1176 1542 1202 a
1568 1162 1724 1202 candela}

274 1221 521 1258 accendendis:
543 1221 651 1258 huius
674 1222 771 1258 enim
794 1221 904 1258 etiam
923 1224 982 1258 est
1001 1216 1162 1272 κρούειν
1182 1218 1253 1268 τοὶς
1277 1219 1424 1272 βαρέας
1452 1218 1518 1260 καὶ
1547 1216 1596 1260 τὰ
1614 1219 1724 1285 σιδη-

272 1277 398 1326 ροῦν,
429 1289 522 1326 quae
535 1277 605 1313 illis
629 1277 710 1314 loco
732 1290 978 1326 campanarum
995 1280 1119 1327 erant,
1147 1276 1215 1317 καὶ
1235 1277 1442 1327 σημαίνειν
1460 1273 1505 1316 τό
1527 1275 1622 1328 μέγα
1649 1286 1723 1326 ση-

269 1347 457 1385 μαντρον.
499 1333 600 1371 varia
628 1334 725 1370 enim
756 1333 865 1382 signa
900 1333 1061 1382 dabant,
1100 1335 1143 1370 ut
1173 1336 1211 1370 et
1237 1333 1338 1383 apud
1371 1346 1439 1371 nos
1467 1332 1545 1371 fieri
1573 1331 1722 1370 assolet.

267 1389 353 1426 vide
382 1389 639 1427 Balsamonem
670 1390 709 1426 in
740 1390 998 1426 dissertatione
1035 1402 1099 1427 cur
1138 1389 1307 1426 monachi
1340 1389 1457 1427 tribus
1486 1388 1602 1439 signis
1632 1400 1721 1426 suos

269 1444 320 1483 ad
339 1458 444 1482 sacra
464 1448 686 1495 convocent,
713 1458 796 1482 cum
814 1446 873 1482 alii
897 1458 969 1483 uno
988 1446 1095 1495 signo
1117 1446 1282 1484 contenti
1305 1445 1392 1483 sint.

384 1502 467 1540 ibid.
487 1515 521 1540 v.
541 1504 577 1543 8.
607 1502 772 1545 Quartus
794 1500 831 1538 in
853 1501 921 1538 hac
939 1502 1101 1551 pentade
1120 1505 1178 1540 est
1201 1500 1224 1543 ὁ
1242 1499 1524 1554 πριμμικήριος
1552 1502 1635 1541 τῶν
1655 1514 1722 1540 τα-

268 1558 506 1610 βουλαρίων.
563 1556 690 1594 Iunius
711 1557 977 1607 interpretatur
997 1559 1183 1598 notarium.
1209 1557 1262 1595 sic
1285 1557 1382 1595 enim
1410 1557 1515 1595 initio
1542 1556 1723 1595 nominari

267 1614 414 1652 videtur
436 1614 482 1650 ab
501 1614 582 1663 ipso
608 1613 755 1650 Codino
781 1626 816 1663 p.
840 1615 862 1653 1
892 1614 949 1651 ed.
975 1613 1075 1651 Iun.:
1103 1627 1186 1651 cum
1215 1614 1312 1652 enim
1335 1614 1519 1651 notarium
1545 1613 1723 1662 nominet,

267 1683 311 1707 ac
347 1674 478 1720 postea
508 1669 654 1718 singula
683 1669 802 1706 officia
826 1669 865 1706 in
891 1670 1074 1720 pentadas
1108 1670 1280 1720 digerens
1317 1670 1366 1707 de
1394 1670 1539 1708 notario
1569 1681 1724 1720 prorsus

267 1726 397 1776 sileat,
428 1725 598 1763 credibile
615 1729 674 1763 est
695 1725 882 1763 Codinum
906 1726 1052 1764 nomine
1073 1729 1263 1775 primicerii
1294 1726 1548 1765 tabulariorum
1577 1724 1722 1763 intelle-

268 1782 366 1820 xisse
397 1783 584 1820 notarium.
630 1782 731 1830 quod
759 1782 855 1819 forte
884 1794 1010 1819 verum
1047 1786 1124 1832 est,
1170 1783 1238 1819 sed
1267 1782 1390 1820 neseio
1425 1782 1612 1832 quomodo
1637 1794 1720 1818 cum

268 1838 364 1875 Iunii
391 1838 575 1875 sententia
607 1838 819 1887 conveniat,
857 1838 920 1886 qui
945 1840 1181 1888 primicerium
1224 1840 1263 1876 in
1299 1838 1428 1888 quovis
1464 1838 1584 1876 officio
1616 1837 1719 1876 illum

270 1894 340 1931 dici
367 1898 477 1944 putet
510 1896 573 1944 qui
595 1896 730 1943 primus
759 1896 951 1944 inscriptus
975 1896 1023 1932 sit
1051 1895 1131 1932 albo
1151 1896 1222 1932 sive
1242 1894 1373 1932 ordinis
1392 1896 1451 1932 sui
1473 1893 1655 1942 catalogo,
1684 1897 1719 1931 et

264 1952 402 2001 primas
429 1952 466 1987 in
494 1963 557 1986 suo
585 1950 703 1986 ordine
734 1950 906 1996 obtineat,
932 1952 1048 1999 prima
1075 1963 1175 1996 cera,
1202 1949 1245 1987 id
1268 1954 1319 1988 est
1338 1962 1490 1998 summa,
1517 1951 1716 1999 inscriptus.

269 2005 341 2042 hoc
361 2006 393 2042 si
408 2017 534 2042 verum
558 2009 635 2054 est,
663 2003 760 2041 idem
788 2017 878 2054 ergo
905 2005 974 2042 erit
994 2005 1216 2055 primicerius
1241 2006 1493 2044 tabulariorum
1521 2018 1604 2044 cum
1629 2018 1716 2055 pro-

268 2061 473 2111 tonotario,
503 2061 608 2110 quia,
642 2064 684 2097 ut
704 2060 830 2097 Iunius
848 2061 954 2108 dicit,
978 2063 1198 2111 primicerius
1223 2062 1362 2111 primus
1386 2065 1444 2100 est
1475 2061 1514 2098 in
1543 2075 1623 2100 cera
1649 2073 1715 2099 seu

267 2117 366 2166 albo,
404 2121 443 2154 et
484 2116 653 2153 tabularii
692 2120 781 2152 sunt
820 2116 973 2166 notarii,
1002 2117 1172 2166 idemque
1203 2118 1316 2167 igitur
1345 2118 1620 2168 protonotarius
1651 2129 1716 2154 seu

267 2173 406 2224 primus
434 2173 599 2209 notarius
628 2175 667 2208 et
692 2173 906 2220 primicerius
925 2173 1188 2213 tabulariorum.
1217 2186 1288 2223 ego
1318 2174 1407 2211 nodi
1432 2174 1539 2212 huius
1562 2173 1716 2211 solutio-

266 2242 352 2267 nem
370 2241 446 2266 non
469 2228 599 2277 video,
627 2227 697 2264 nisi
724 2228 807 2275 quis
831 2228 951 2265 dicere
973 2228 1060 2266 velit
1086 2229 1198 2268 istum
1226 2231 1297 2267 dici
1319 2233 1554 2281 primicerium
1576 2229 1718 2269 tabula-

263 2288 394 2323 riorum
420 2288 591 2334 respectu
626 2283 768 2321 illorum
802 2284 1028 2321 notariorum
1061 2297 1154 2334 quos
1186 2286 1282 2324 infra
1314 2299 1356 2324 se
1389 2286 1523 2336 habet,
1551 2298 1628 2324 non
1658 2297 1716 2323 re-

120 2342 150 2378 P
175 2342 241 2379 175
263 2345 394 2393 spectu
411 2340 592 2390 omnium,
622 2352 695 2388 quo
715 2343 825 2390 pacto
850 2338 872 2380 ὁ
892 2337 1130 2392 δευτερεύων
1161 2345 1241 2382 τῶν
1267 2338 1467 2383 διακόνων
1483 2343 1603 2380 vocari
1627 2354 1715 2392 pos-

265 2402 325 2436 set
360 2398 577 2448 primicerius
609 2395 850 2441 diaconorum,
893 2409 968 2434 non
1009 2397 1178 2435 absolute
1218 2400 1285 2438 sed
1321 2399 1594 2450 comparatione
1633 2400 1715 2438 ταῖν

267 2456 417 2495 κοινῶν
430 2479 442 2497 ,
472 2455 515 2490 ut
533 2451 672 2489 Citrius
698 2454 736 2488 et
755 2451 921 2489 Codinus
934 2452 1146 2501 loquuntur.

376 2507 525 2546 Addam
547 2511 586 2546 et
607 2508 686 2546 hoc.
712 2508 801 2557 quid
823 2508 854 2544 si
877 2521 943 2558 per
966 2521 1092 2546 vocem
1115 2510 1388 2563 ταβουλαρίωυ
1413 2510 1472 2548 hic
1502 2522 1578 2549 non
1606 2507 1714 2546 intel-

263 2566 429 2615 liguntur
450 2565 623 2603 tabularii
647 2576 712 2601 seu
731 2566 883 2610 notarii,
910 2565 979 2602 sed
1009 2565 1190 2604 tabularia
1212 2579 1278 2604 seu
1304 2567 1470 2616 archiva,
1498 2567 1551 2603 ita
1575 2569 1618 2602 ut
1641 2565 1714 2615 pri—

264 2621 431 2660 micerius
451 2621 705 2658 tabulariorum
739 2619 799 2657 ille
826 2620 969 2658 dicatur
999 2621 1062 2670 qui
1092 2627 1239 2671 praeest
1265 2623 1440 2660 tabulario
1463 2634 1529 2659 seu
1555 2621 1712 2668 archivo,

265 2677 385 2714 socius
407 2677 446 2712 in
467 2676 538 2714 hoc
560 2676 678 2714 officio
705 2680 745 2713 et
768 2676 980 2714 administer
1007 2677 1327 2729 chartophylacis?
1353 2690 1439 2715 nam
1464 2676 1713 2727 chartophyla-

270 2735 362 2770 cium
377 2731 520 2769 Latinis
550 2736 609 2769 est
634 2732 870 2782 tabularium,
899 2735 938 2770 et
967 2745 990 2770 a
1016 2730 1155 2771 Latino
1185 2747 1254 2772 usu
1279 2734 1390 2772 etiam
1422 2732 1582 2771 Graecis.
1619 2732 1714 2769 sicut

269 2789 366 2827 enim
391 2801 546 2839 magnus
569 2787 774 2826 sacellarius
794 2792 832 2826 et
857 2786 968 2830 ὁτοῦ
989 2790 1192 2831 σακελλίου
1219 2803 1306 2828 suos
1334 2789 1540 2827 habuerunt
1569 2789 1713 2826 adiuto-
