1864 3164
314 186 412 232 370
515 184 792 230 GRETSERI
813 186 887 230 ET
911 183 1088 228 GOARI
1107 183 1546 229 COMMENTARIUS

404 294 452 332 ib.
474 305 510 331 v.
528 295 583 332 19.
607 290 815 338 ἔμπροσθεν
836 288 969 338 μόνον]
990 291 1165 338 hemicycli
1194 291 1346 328 nimirum
1370 297 1500 340 partem
1529 292 1671 330 mediam
1694 291 1762 328 cir·

316 340 391 375 culo
413 341 446 375 in
468 341 580 375 fronte
602 340 856 386 prominentem.

427 399 474 438 ib.
502 411 536 436 v.
567 400 632 439 20.
682 396 1053 448 stemmatogyrium,
1100 409 1124 434 a
1168 400 1362 435 stemmate
1398 396 1535 436 scilicet
1577 401 1617 436 et
1648 397 1764 449 gyris,

318 455 452 506 quibus
471 454 677 493 constabat.
733 453 861 492 Iunius
881 456 1048 505 gyratam
1071 466 1227 492 coronam
1250 456 1362 492 vocat.

408 530 492 564 ibid.
538 529 734 564 coronariae
766 528 910 563 cuiusvis
940 527 1110 563 machinae
1138 528 1282 562 circulus
1308 527 1426 575 planus
1449 527 1539 563 solet
1561 537 1636 561 esse
1659 526 1765 570 basis,

316 586 406 622 quae
429 575 561 615 κύκλος
582 574 636 608 vel
659 576 768 620 γῦρος
799 573 1030 620 nuncupanda.
1062 574 1204 608 circulus
1226 574 1283 608 ille
1307 574 1422 608 eodem
1455 584 1560 619 opere
1588 570 1766 615 conflatus,

317 633 447 668 parque
469 619 702 666 conspiciendo
724 621 758 654 in
779 619 991 666 imperatoris
1007 619 1226 664 praeclariori
1245 624 1439 664 stemmate,
1459 614 1767 662 στεμματογύριον

317 672 393 710 est,
417 665 513 711 quasi
535 665 666 710 nudus,
683 666 762 700 ‘solo
784 664 993 700 semifornice
1014 664 1188 709 adiuncto,
1221 665 1404 699 stemmatis
1436 663 1598 698 circulus:
1626 659 1766 707 στέμμα

316 723 402 746 vero
425 712 642 756 praecipuum
663 716 718 746 est
750 711 960 756 imperatoris
987 710 1130 754 insigne.
1162 711 1271 744 infera
1298 710 1372 744 eius
1391 721 1454 744 ora
1473 707 1764 754 στεμματογυρίφ

315 757 476 792 vallatur.
504 760 602 802 parte
623 756 728 791 fronti
747 756 961 802 superposita
982 756 1171 800 germinant
1192 755 1391 790 semicirculi
1411 755 1477 789 duo
1490 779 1501 796 ‚
1523 754 1557 788 ie
1579 754 1647 788 ima
1668 764 1767 809 quam

315 803 352 838 in
375 813 501 847 supera
524 806 644 847 parte,
667 813 735 848 qua
762 802 932 836 declinant
955 801 998 835 ad
1030 801 1137 842 latus,
1170 801 1431 836 coniunctiores.
1463 810 1769 844 στεμματογυριον

316 858 427 893 aeque
458 858 498 882 ac
528 848 754 893 prominentes
783 846 980 882 semicirculi
1013 858 1056 881 ex
1090 846 1223 882 metallo
1257 846 1434 892 fabrilique
1469 856 1575 891 opere
1610 844 1768 878 videntur

318 893 488 935 confecti3
508 893 688 938 velantque
709 893 852 938 pileum,
875 897 912 927 at
933 903 999 926 non
1015 902 1123 938 supra
1146 903 1263 934 aures,
1294 892 1350 927 vel
1382 890 1494 937 spatio
1517 901 1585 935 quo
1607 889 1769 924 dissident

318 941 366 974 ab
388 938 550 980 invicem,
575 939 632 972 ubi
654 939 779 984 pileus,
800 939 886 972 sicut
908 942 944 972 et
963 937 1029 983 ipsi
1053 949 1127 972 cum
1150 938 1274 972 circulo
1306 937 1488 980 inferiore,
1519 935 1645 982 lapillis
1669 946 1768 979 gem-

316 985 450 1029 misque
470 989 636 1018 coruscat.
660 996 767 1030 paene
790 996 843 1018 me
865 985 1001 1028 fugerat
1017 983 1212 1028 explicanda
1236 983 1315 1028 pilei
1337 984 1445 1017 forma
1465 981 1630 1023 rotunda,
1650 991 1767 1015 verum

317 1031 366 1065 ad
388 1029 496 1063 latera
516 1029 665 1063 nonnihil
682 1029 799 1072 latior,
823 1030 866 1063 ob
892 1033 1107 1074 conspectum
1129 1029 1274 1073 lapidem
1299 1028 1333 1062 in
1355 1028 1428 1062 eius
1451 1027 1580 1062 vertice
1604 1026 1766 1070 insignem

317 1075 406 1109 adeo
429 1079 467 1108 ut
488 1075 627 1108 verticis
648 1075 751 1108 decus
773 1086 870 1108 omne
892 1074 1103 1120 quantumvis
1126 1074 1281 1118 exiguum
1304 1074 1347 1108 ab
1374 1073 1432 1108 illo
1462 1072 1611 1107 moderni
1642 1070 1768 1105 Graeci

316 1118 458 1164 στέμμα
479 1120 701 1161 ᾱοῃοιιιίηεηε,
725 1120 821 1165 quasi
838 1120 944 1154 'fuerit
966 1116 1165 1163 στέμματος
1184 1119 1286 1164 ipsius
1309 1117 1458 1164 στέμμα.
1483 1117 1620 1164 percipe
1635 1127 1679 1150 ex
1693 1115 1768 1150 istis

318 1166 515 1210 logothetae
534 1165 660 1200 verba:
683 1162 730 1199 τοὶ
755 1163 821 1210 μὲν
843 1162 988 1207 ἐρυθρὰ
1007 1163 1140 1198 πέδιλα
1171 1161 1375 1210 ἀπεβάλετο
1405 1162 1469 1199 καὶ
1500 1161 1569 1208 τὴν
1590 1159 1764 1206 περιμᾶρ-

318 1222 436 1256 γαρον
457 1210 667 1254 πυραμίδα,
687 1209 739 1251 εἰς
760 1207 810 1256 ἢν
833 1209 896 1245 καὶ
919 1211 1027 1250 λίθος
1045 1206 1306 1254 ὑπερκάθηται
1328 1207 1519 1253 κόκκινος,
1545 1204 1572 1242 ὁὶ
1597 1204 1766 1254 βασιλικοὶ

317 1253 496 1301 σύμβολα.
544 1256 771 1290 Cantacuzeni
793 1266 927 1301 quoque
951 1257 970 1290 1
993 1256 1035 1290 3:
1067 1252 1187 1290 εἰσιών
1207 1256 1274 1289 τοῦ
1299 1253 1462 1290 οἰκίσκον
1489 1251 1557 1299 τὴν
1578 1251 1703 1298 θύραν
1723 1247 1765 1287 ἐκ

315 1299 522 1347 μαρμαίρων
544 1294 658 1335 οὖσαν
679 1298 748 1344 τὴν
769 1298 880 1345 φλιὰν
911 1297 1142 1345 ἡρμοσμένην
1163 1298 1364 1347 συμβέβηκε
1391 1297 1459 1336 τὸν
1480 1295 1543 1335 ἐπὶ
1564 1299 1630 1344 τῆς
1649 1309 1764 1343 κεφα-

317 1347 388 1391 λῆς
410 1346 519 1381 λὺθον
539 1347 592 1394 τῷ
617 1344 793 1392 μαρμάρῳ
817 1346 1159 1391 προσαρραχθῆναι.
1550 1390 1553 1393 .

438 1427 447 1436 .
464 1402 529 1436 101
556 1411 591 1435 v.
608 1403 642 1437 7.
664 1398 710 1435 τὰ
732 1397 801 1446 γᾶρ
823 1398 964 1436 παλαιοὶ
993 1402 1164 1446 ζητεῖται]
1196 1413 1258 1436 nec
1284 1401 1464 1436 immerito:
1496 1400 1551 1436 vix
1582 1400 1670 1434 enim
1701 1399 1764 1433 sub

319 1446 444 1482 favillis
466 1446 606 1491 exiguus
637 1447 779 1481 ardebat
804 1447 966 1492 primaevi
989 1447 1121 1481 decoris
1145 1447 1333 1491 igniculus,
1363 1447 1572 1492 despotaque
1603 1445 1767 1479 Sebasto-

318 1493 447 1527 cratori
477 1496 512 1526 et
543 1496 685 1536 utroque
715 1492 854 1526 Caesari
885 1492 1058 1538 praelato,
1085 1493 1216 1526 nonnisi
1245 1492 1384 1526 nominis
1416 1497 1453 1526 et
1481 1490 1655 1536 insignium
1690 1494 1767 1524 erat

318 1538 401 1573 huic
418 1541 589 1584 postremo
611 1537 766 1581 dignitas.
787 1538 932 1580 insignia
952 1548 1035 1572 vero
1068 1538 1152 1571 haec
1184 1537 1310 1572 ultimis
1336 1538 1541 1583 temporibus
1570 1536 1654 1570 adeo
1686 1547 1766 1569 rara

319 1588 521 1628 supererant
549 1587 586 1616 ut
618 1595 699 1616 vere
729 1583 820 1628 apud
851 1583 1006 1616 Nicetam
1040 1583 1163 1617 isaacii
1194 1583 1312 1627 Angeli
1343 1583 1366 1617 l.
1391 1585 1415 1618 2
1436 1581 1614 1618 Com-adua
1637 1581 1765 1616 Caesar

322 1629 531 1673 exprobret,
556 1626 608 1668 εἰς
630 1626 746 1672 μόνον
767 1626 809 1663 τὸ
831 1624 882 1672 μὴ
904 1631 982 1668 τοῖς
1005 1626 1153 1668 πόλλοις
1170 1625 1384 1673 ὅμόχρωμον
1408 1625 1585 1672 ὑπόδημα
1606 1627 1675 1661 τοῦ
1695 1638 1762 1661 πο-

319 1671 388 1714 δὸς
416 1672 459 1707 τό
490 1674 563 1707 τῶν
592 1672 790 1718 Καισάρων
818 1671 1036 1718 παράσημον
1057 1674 1269 1717 καταλῆξαι.
1302 1674 1490 1708 vetustiora
1510 1674 1691 1707 Caesarum
1713 1672 1767 1706 in-

319 1719 431 1763 signia
455 1718 595 1763 legimus
617 1719 706 1763 apud
737 1719 997 1763 Theophanem:
1028 1715 1114 1759 τοὺς
1140 1717 1245 1759 υΐοῦς
1274 1716 1389 1754 αῧτοῦ
1417 1715 1673 1762 Χριστοφόρον
1701 1715 1767 1752 καὶ

320 1761 546 1808 Νικηφόρον
567 1763 791 1809 προεβάλετο
813 1763 1022 1807 Καίσαρας,
1055 1764 1123 1798 τοῦ
1150 1762 1381 1808 πατριάρχου
1400 1761 1624 1808 ποιήσαντος
1645 1759 1766 1808 εὐχήν,

321 1808 387 1844 καὶ
410 1810 477 1843 τοῦ
491 1807 671 1864 βασιλέως
692 1805 889 1850 ἐπιθέντος
911 1806 1038 1849 αὐτοῖς
1067 1807 1134 1848 τάς
1154 1821 1192 1844 τε
1214 1810 1363 1854 χλαίνας
1389 1808 1453 1844 καὶ
1475 1807 1521 1844 τὰ
1544 1808 1765 1852 Καισαρίκια

318 1856 601 1898 περικεφαλαια.
625 1852 794 1894 ὡσαύτως
813 1853 877 1889 καὶ
899 1853 1069 1899 Νικήταν
1086 1851 1151 1889 τὸν
1174 1852 1325 1900 ἔσχατον
1347 1851 1509 1899 ἀδελφὸν
1523 1851 1645 1890 αὐτῶν
1657 1850 1764 1897 ποιή-

319 1910 389 1938 σας
409 1899 685 1946 νιοβελίσσιμον,
706 1896 890 1944 ἐπέθηκεν
913 1897 1013 1945 αὐτῷ
1037 1902 1190 1944 χλαῖναν
1217 1901 1356 1945 χρυσῆν
1387 1901 1450 1935 καὶ
1481 1897 1547 1935 τὸν
1567 1897 1764 1943 στέφανον.

319 1943 387 1979 καὶ
409 1941 506 1979 οὕτω
528 1946 723 1988 προῆλθον
745 1942 932 1988 ῥίπτοντες
954 1946 1110 1990 βασιλεῖς
1142 1943 1340 1990 ὑπατείαν,
1368 1946 1546 1990 τριμείσια
1568 1944 1632 1980 καὶ
1653 1945 1761 1989 σιμεί-

319 1999 382 2023 σια
406 1988 470 2023 καὶ
488 1989 692 2034 νομίσματα
713 1988 948 2034 καινούργια,
972 1988 1039 2030 ἕως
1059 1990 1125 2033 τῆς
1137 1988 1295 2034 μεγάλης
1313 1988 1511 2034 ἐκκλησίας.
1545 1989 1765 2033 Nobilissimi,
1802 2021 1806 2026 .

320 2034 367 2067 de
390 2045 456 2078 quo
476 2034 607 2068 locutus
631 2039 682 2068 est
705 2035 951 2079 Theophanes,
973 2035 1145 2079 antiquata
1167 2035 1231 2068 iam
1255 2039 1328 2069 erat
1358 2035 1477 2070 Codini
1505 2040 1658 2081 tempore
1692 2046 1763 2069 me-

316 2079 438 2112 moria.
463 2079 505 2112 ad
523 2079 703 2113 caesarem
728 2080 847 2113 redeat
867 2090 994 2120 sermo,
1018 2090 1115 2123 quem
1138 2079 1326 2124 imperatori
1347 2081 1513 2116 assedisse
1526 2082 1631 2115 refert
1645 2080 1765 2114 Theo-

319 2124 469 2170 phanes:
493 2124 706 2158 Βασιλίσκον
726 2121 791 2158 τὸν
809 2122 995 2168 Ἅρματίου
1016 2120 1101 2158 ὐἷόν
1122 2122 1366 2170 προβάλλεται
1390 2123 1410 2159 ὁ
1431 2124 1557 2171 Ζήνων
1572 2126 1763 2170 Καίσαρα·

319 2167 386 2203 καὶ
407 2166 647 2203 συνεκάθισεν
667 2165 767 2214 αὐτῷ
788 2166 827 2203 ἐν
849 2171 904 2214 τῷ
927 2166 1061 2214 σε’νσᾳι,
1093 2167 1159 2203 καὶ
1180 2168 1282 2214 ἐτίμα
1305 2167 1390 2211 τούς
1419 2168 1591 2216 ἡνιόχους
1623 2168 1690 2206 οὖν
1709 2172 1765 2206 w?
1778 2209 1783 2212 ,

319 2214 485 2260 βασιλεῖ,
510 2225 550 2247 eo
574 2214 660 2262 quod
682 2214 715 2247 in
742 2214 843 2247 Circo
861 2219 1083 2270 perageretur
1107 2214 1178 2248 eius
1201 2216 1388 2261 promotio,
1415 2212 1455 2251 ἰν
1486 2219 1539 2261 τῷ
1561 2215 1702 2263 σήνσῳ,
1725 2206 1764 2251 ι”οι

320 2258 466 2293 sessione
477 2283 489 2303 ,
511 2259 588 2292 alibi
602 2256 767 2302 κάθισμα
782 2260 848 2293 τοῦ
863 2259 1112 2304 ιπποὸρομίου
1126 2266 1248 2295 vocato
1265 2273 1295 2296 c.
1313 2263 1355 2298 17
1377 2267 1458 2296 nota
1480 2263 1522 2298 ad
1570 2289 1579 2298 .
1595 2264 1641 2298 90
1656 2274 1688 2297 v.
1702 2263 1762 2298 20.

318 2304 465 2338 Bardam
482 2304 662 2338 Caesarem
677 2309 823 2339 creatum
839 2316 985 2339 nummos
1001 2305 1033 2338 in
1048 2307 1203 2360 populum
1219 2308 1380 2352 sparsisse
1401 2308 1518 2342 scribit
1573 2319 1612 2342 eo
1637 2309 1763 2342 Gram-

320 2349 464 2383 maticus
478 2349 511 2383 in
525 2349 691 2383 Michaele
714 2350 916 2395 Theophili:
934 2351 1178 2396 προβαλλεται
1195 2349 1342 2396 Μιχαὴλ
1360 2350 1510 2397 Βᾶρὸαν
1524 2353 1634 2388 θεῖον
1647 2350 1763 2387 αὐτοῦ

319 2394 510 2439 Καίσαρα,
535 2390 578 2434 ὃς
591 2390 652 2428 ἐπὶ
672 2390 835 2439 ἅρματος
854 2391 1051 2440 ἐποχηθεὶς
1066 2393 1200 2431 ἔδωκεν
1227 2395 1407 2432 ’ὑπατείαν
1429 2399 1476 2444 τῇ
1488 2396 1588 2444 μέσῃ.
1607 2399 1764 2433 scribitur

319 2439 408 2473 idem
432 2438 702 2483 συγκαθεσθεὶς
722 2440 777 2486 τῷ
797 2440 941 2486 βασιλεῖ
947 2466 957 2484 ,
981 2453 1022 2474 ac
1047 2442 1274 2486 pertransiens
1297 2455 1317 2477 a
1347 2446 1490 2478 caeteris
1514 2445 1764 2488 assurgentibus

318 2485 503 2530 praecipuo
526 2485 653 2519 honore
675 2485 792 2521 cultus.
813 2483 941 2529 Βάρὸα
959 2484 1005 2519 δὲ
1028 2487 1094 2521 τοῦ
1117 2488 1304 2531 Καίσαρος
1323 2484 1366 2523 ἐν
1385 2490 1430 2534 τῇ
1443 2487 1651 2532 προελεύσει
1664 2490 1761 2539 διερ-

318 2527 477 2575 χομένου
499 2526 589 2574 μετὰ
609 2531 880 2576 σκαραμαγγίου
899 2527 1027 2575 ὀξέως,
1052 2530 1103 2572 εἰς
1126 2530 1167 2567 τὸ
1191 2530 1389 2578 ὡρολόγιον
1411 2531 1660 2579 καθεζόμενος
1682 2535 1760 2568 Δα-

316 2572 452 2655 gentiiis
478 2573 547 2610 οὐκ
571 2571 760 2622 ἐπηγέρθη
790 2577 936 2623 τιμῆσαι
967 2573 1103 2611 αὐτόν·
1134 2579 1266 2613 τοῦτον
1292 2576 1381 2614 ἰδών
1403 2577 1424 2613 ὂ
1448 2581 1592 2625 Καῖσαρ
1615 2577 1742 2624 ἐθυμῶ

351 2633 375 2666 η
429 2633 491 2657 αν.

430 2691 479 2730 ib.
502 2703 534 2728 v.
554 2690 592 2730 8.
648 2690 696 2728 de
724 2691 897 2731 Manuele
925 2697 964 2731 et
1003 2692 1141 2734 Ioanne
1179 2697 1299 2734 uxoris
1328 2709 1418 2735 snae
1456 2696 1630 2735 fratribus
1660 2680 1755 2747 ipse·

319 2748 396 2783 met
424 2745 707 2785 Cantacnzenus
733 2748 806 2790 45.
833 2749 968 2787 ibidem
991 2750 1037 2787 de
1062 2751 1141 2788 filiis
1170 2753 1245 2789 suis
1275 2754 1385 2791 idem.
1423 2752 1573 2791 Manuel
1611 2753 1754 2791 Asanes

315 2800 510 2852 aliquoties
532 2803 642 2840 etiam
662 2816 684 2844 a
703 2805 962 2845 Cantacuzeno
984 2805 1193 2859 appellatur
1212 2810 1378 2861 despota.
