1820 3178
551 186 611 229 IN
646 185 842 230 comm
875 186 987 231 cAP.
1026 187 1062 231 1.
1440 187 1532 235 153

96 308 179 337 cum
198 297 281 349 ipse
307 307 339 334 c.
363 291 415 336 17
448 293 585 332 diserte
605 294 705 333 dicat
730 293 919 334 ecclesiam
952 307 1124 348 magnam
1152 307 1227 334 non
1258 294 1394 334 habere
1415 301 1534 349 proto-

91 353 231 405 pnlten
253 351 320 389 sed
339 350 580 397 domesticum5
614 351 683 388 nisi
706 353 826 389 dicere
846 351 997 390 velimus
1033 352 1191 390 officium
1222 365 1304 390 esse
1324 353 1441 404 idem,
1467 366 1536 391 no-

95 420 181 447 men
213 407 415 456 diversum,
455 406 568 455 inque
599 407 770 458 catalogo
798 408 999 446 officiorum
1030 408 1203 447 ecclesiae
1233 421 1386 446 vocasse
1415 413 1536 460 proto-

90 463 230 516 poaltm
257 474 366 513 quem
386 463 537 514 proprio
566 464 713 501 nomine
736 475 867 501 vocare
890 464 1078 503 debuisset
1104 464 1322 503 domesticum
1347 469 1537 504 cantorum.

96 519 188 570 quid
207 518 257 558 sit
276 518 518 568 domesticus,
533 518 629 557 infra
645 518 883 569 explicabitur
899 521 948 557 ad
968 534 1005 572 p.
1030 522 1058 560 7
1078 518 1140 560 15.
1169 521 1208 557 in
1229 520 1391 571 palatino
1413 524 1539 559 tamen

95 575 193 614 clero
213 579 293 613 erat
315 573 584 626 protopsaltes‚
602 579 647 613 ut
665 576 775 614 docet
795 575 962 614 Codinus
982 576 1064 615 loco
1089 576 1223 627 citato,
1245 577 1311 626 qui
1327 577 1436 616 simul
1457 581 1539 616 erat

97 631 267 671 exuram
294 630 380 669 cleri
406 631 641 683 imperatorii.

187 722 224 758 p.
251 711 275 746 6
296 721 332 746 v.
354 711 390 748 6.
429 710 614 746 Anniana:
643 707 665 746 ὁ
693 708 960 766 πζωτοψᾶῐτης
991 710 1135 747 ἵσταται
1155 707 1266 756 μέσον
1286 713 1360 747 τῶν
1381 709 1450 747 δύο
1473 725 1535 758 χο-

96 756 195 802 ρῶν,
216 755 339 798 δεξιοῦ
349 767 389 791 τε
403 753 466 791 καὶ
481 753 680 799 εὐωνύμου.
725 768 876 802 anetus
890 755 933 794 δὲ
947 756 1012 792 καὶ
1034 755 1103 802 τὴν
1128 754 1274 799 ἔναρξιν
1294 758 1360 800 τῆς
1384 760 1535 805 ψαλμῳ-

97 801 193 842 δίας.
237 798 328 846 μετὰ
354 797 397 836 δὲ
419 802 537 836 ταῦτα
558 799 622 836 καὶ
642 798 779 846 ψάλται
801 798 894 837 ὅλοι.
939 803 1067 837 addunt
1095 803 1161 837 alia
1186 801 1226 838 οἴ
1248 801 1451 847 ὃομέστικοι
1473 801 1537 838 καὶ

97 844 139 881 οἰ
161 843 426 894 somniarimus.
471 850 587 892 φορεῖ
604 844 645 882 δὲ
668 845 733 882 καὶ
756 846 993 894 σφικτούριον
1024 849 1202 894 (tunicam
1234 848 1366 884 breuem
1396 854 1431 885 et
1452 849 1539 885 etri-

98 893 209 938 aaa)

207 980 245 1019 p-
265 970 292 1010 6
311 979 344 1005 v·
364 967 402 1010 6·
430 966 604 1016 Sequitur
631 964 655 1007 ὅ
673 966 999 1020 ἰδιοδομὲστικος,
1026 969 1219 1018 singularis
1239 968 1463 1016 domesticus,
1495 971 1539 1006 ut

97 1023 367 1074 interpretatur·
397 1021 548 1073 Iunius,
579 1025 687 1074 primi
711 1029 744 1063 et
770 1025 913 1063 secundi
944 1025 1052 1063 chori.
1088 1026 1156 1062 sed
1189 1029 1306 1062 errat:
1340 1025 1539 1075 legendum
1561 1027 1590 1061 P
1618 1026 1683 1062 174

100 1078 144 1120 οἱ
174 1075 249 1120 δύο
283 1077 502 1131 δομὲστικοι
541 1079 609 1117 duo
646 1079 841 1130 domestici,
877 1081 967 1119 alter
994 1081 1113 1119 dextri
1141 1081 1230 1119 alter
1263 1083 1401 1119 sinistri
1427 1081 1539 1121 chori.

100 1134 196 1173 clare
224 1135 362 1173 Citrius
381 1137 475 1173 duos
498 1135 685 1187 nominat,
713 1135 738 1178 ὅ
760 1134 985 1187 δομὲστικος
1007 1139 1079 1176 τοῦ
1105 1137 1239 1185 δεξιοῦ
1255 1139 1399 1188 χοροῦ,
1428 1135 1450 1176 ὁ
1469 1137 1539 1177 δο-

99 1188 280 1243 μέστικος
308 1193 381 1232 τοῦ
411 1186 629 1244 ἀριστεροῦ.
677 1196 716 1230 et
748 1193 861 1231 facilis
893 1193 953 1231 via
990 1193 1062 1230 suit
1099 1193 1338 1231 contrahendi
1364 1192 1540 1231 vocabula

100 1246 282 1285 disiuncta
300 1246 342 1287 οἰ
357 1242 430 1289 δύο
453 1245 672 1299 δομέστικοι
700 1249 739 1286 in
767 1262 880 1286 unum
909 1247 1233 1300 ἰδιοδομέστικοιε
1273 1249 1452 1286 caecutiat
1475 1249 1540 1298 qui

100 1302 172 1340 hoc
187 1316 263 1341 non
277 1303 411 1342 videat.
438 1315 506 1340 nec
526 1303 651 1341 obstat
672 1305 773 1352 quod
804 1305 872 1342 hac
894 1305 1038 1342 ratione
1067 1317 1131 1342 sex
1163 1304 1277 1342 futuri
1305 1305 1433 1342 sintin
1455 1317 1540 1355 sep-

101 1358 191 1396 tima
208 1360 384 1410 pentade:
412 1371 496 1397 nam
513 1363 552 1396 et
571 1360 610 1396 in
628 1361 744 1411 prima
763 1361 925 1411 pentade
944 1371 1010 1399 sex
1035 1364 1144 1410 sunt,
1171 1364 1214 1398 ut
1237 1374 1349 1411 supra
1372 1361 1542 1411 diximus,

102 1418 142 1452 et
166 1418 289 1452 tamen
311 1419 464 1453 vocatur
483 1418 610 1467 penta:
638 1429 704 1453 seu
732 1419 925 1467 quinarius.
982 1416 1071 1465 quid
1095 1417 1144 1454 sit
1169 1417 1370 1454 domesticus
1399 1417 1436 1454 in
1463 1417 1542 1453 iure

101 1470 196 1508 civili
214 1474 253 1508 et
275 1471 376 1521 apud
405 1471 494 1508 alios
529 1473 665 1521 passim
697 1473 894 1523 scriptores
922 1472 1084 1509 Graecos
1113 1475 1152 1508 et
1181 1471 1359 1520 Latinos,
1386 1472 1543 1522 explicat

103 1526 272 1564 Cuiacius
287 1527 336 1563 ad
354 1526 416 1564 lib.
441 1528 494 1567 12
513 1528 593 1564 cod.
616 1527 829 1566 Iustinianei
859 1529 909 1566 ad
933 1528 990 1564 tit.
1024 1529 1097 1576 12,
1122 1530 1161 1564 et
1182 1527 1314 1564 Petrus
1340 1527 1543 1576 Gregorius
1602 1551 1606 1555 -

103 1582 356 1632 Syntagmatis
389 1585 415 1624 6
442 1585 481 1624 8.
507 1583 597 1630 quid
618 1583 688 1620 hoc
718 1585 865 1620 nomine
893 1583 1132 1632 significarint
1163 1582 1294 1620 Graeci
1323 1583 1544 1620 recentiores

104 1638 214 1675 docet
233 1638 392 1687 Citrius,
419 1637 476 1674 cui
499 1651 581 1674 cum
603 1638 694 1675 haec
710 1640 875 1686 quaestio
894 1639 1024 1675 suisset
1045 1638 1255 1688 proposita,
1284 1641 1383 1675 cuius
1404 1639 1545 1688 linguae

104 1697 155 1731 est
177 1693 354 1731 domestici
372 1693 583 1743 appellatio,
610 1698 644 1731 et
672 1695 794 1744 quibus
823 1694 983 1732 ecclesiae
1006 1696 1204 1731 ministeriis
1221 1706 1338 1731 nomen
1358 1694 1419 1731 laeoc
1436 1697 1547 1744 impo-

105 1751 211 1786 situm
237 1749 315 1787 ut?
338 1749 548 1799 respondit:
578 1749 755 1788 domestici
774 1749 971 1800 appellatio
999 1750 1199 1786 secundum
1231 1748 1387 1786 Latinos
1415 1750 1545 1787 ducem

106 1800 338 1856 ἐξάρχοντος,
364 1805 611 1855 inceptorem,
639 1807 888 1856 praepositum
909 1810 948 1843 et
969 1806 1192 1855 praefectum
1219 1805 1422 1855 significat,
1450 1806 1546 1843 sicut

107 1863 148 1898 et
186 1861 225 1897 in
261 1860 507 1899 functionibus
550 1861 791 1913 imperatoriis
825 1862 986 1899 invenire
1021 1865 1079 1899 est
1121 1861 1339 1900 domesticum
1376 1861 1545 1911 Orientis,

109 1916 326 1965 Occidentis,
369 1916 578 1956 scholarum.
646 1916 720 1955 imo
761 1917 871 1955 etiam
913 1917 1133 1956 domesticum
1187 1929 1340 1964 mensae,
1381 1916 1545 1955 domesti-

107 1984 186 2010 cum
229 1974 417 2020 moenium,
452 1973 671 2011 domesticum
707 1973 905 2013 thematum.
943 1974 996 2011 sic
1026 1977 1064 2011 et
1099 1973 1138 2010 in
1169 1972 1417 2011 ecclesiasticis
1446 1973 1546 2010 ordi-

108 2027 215 2065 nibus
255 2029 432 2067 domestici
467 2041 538 2067 vox
579 2034 788 2080 usurpatur.
847 2024 912 2069 εἴτ’
939 2024 1014 2071 οὖν
1042 2025 1216 2084 ἅρχῳδὸς
1245 2028 1310 2069 καὶ
1339 2025 1546 2080 ἐπιστάτης

108 2083 311 2136 μελῳδιῶν
332 2083 399 2124 καὶ
423 2086 504 2124 τῶν
526 2085 730 2138 μελῳδῶν,
761 2081 826 2126 οἷα
855 2085 911 2132 εἷς
943 2083 1102 2135 ῥυθμὸν
1127 2084 1192 2124 καὶ
1212 2084 1324 2134 τάξιν
1341 2087 1546 2125 καθιστῶν

110 2135 253 2186 αὐτούς
271 2154 311 2178 τε
333 2138 401 2179 καὶ
427 2136 475 2179 τὰ
493 2137 762 2196 μελῳδήματα.
795 2141 999 2179 domesticus
1015 2143 1129 2191 igitur
1151 2143 1359 2179 musicorum
1378 2154 1438 2178 seu
1457 2154 1544 2179 can-

109 2197 221 2232 torum
250 2195 339 2232 nihil
369 2195 472 2233 aliud
497 2200 547 2233 est
578 2210 681 2247 quam
706 2196 926 2248 praefectus,
963 2199 1024 2248 qui
1053 2209 1164 2234 omnes
1189 2199 1283 2246 regit
1321 2210 1364 2234 ac
1402 2197 1542 2246 dirigit,

109 2252 265 2300 ipsosque
280 2251 384 2288 simul
410 2263 454 2288 ac
481 2254 653 2290 cantiones
680 2257 822 2290 cunctas
840 2252 993 2303 disponit
1010 2266 1054 2290 ac
1070 2255 1108 2290 in
1128 2251 1278 2291 ordinem
1298 2253 1442 2300 redigit.
1489 2256 1548 2289 est

110 2310 233 2342 autem
261 2319 393 2343 munus
419 2306 607 2344 domestici
638 2311 826 2346 cantorum
854 2321 920 2345 seu
945 2307 1196 2358 protopsaltae
1226 2308 1265 2345 in
1294 2307 1424 2357 vigiliis
1448 2319 1547 2344 com-

110 2360 280 2398 munibus
300 2361 397 2399 clara
419 2374 507 2399 voce
527 2364 765 2413 pronuntiare
790 2364 881 2401 illud
903 2360 1114 2418 εὕλόγησον
1140 2362 1330 2410 δέσποτα,
1360 2363 1460 2410 quod
1479 2375 1548 2400 nos

111 2417 262 2454 dicimus
295 2416 399 2455 “iube
426 2417 557 2455 domine
587 2415 816 2458 benedicere.”
852 2432 898 2458 ex
933 2420 1116 2458 sententia
1147 2419 1258 2468 igitur
1290 2418 1397 2456 Citrii
1423 2418 1549 2455 dome-

111 2473 226 2510 sticus
257 2472 308 2510 nil
343 2473 441 2509 aliud
478 2477 536 2510 est
568 2486 678 2523 quam
705 2488 864 2526 praeses,
897 2478 1061 2520 antistes,
1083 2475 1301 2526 praefectus,
1330 2486 1404 2510 uno
1433 2473 1547 2512 verbo

112 2528 250 2577 primus
264 2529 302 2566 in
320 2541 387 2565 suo
405 2540 549 2578 genere.
577 2542 644 2568 nec
662 2530 756 2568 male
785 2531 923 2568 Citrius
947 2532 1135 2569 notionem
1163 2529 1270 2566 huius
1298 2528 1464 2566 vocabuli
1486 2541 1549 2567 ex-

47 2625 56 2636 ·
113 2584 268 2634 pressit,
288 2587 398 2633 prout
416 2587 614 2632 usurpatur
636 2598 660 2623 a
689 2586 839 2624 Graecis
859 2586 1140 2634 recentioribus,
1168 2584 1237 2621 etsi
1266 2583 1365 2621 haud
1395 2585 1471 2622 scio
1501 2597 1548 2622 an

114 2651 185 2676 vox
198 2639 373 2678 domestici
391 2640 430 2677 in
452 2640 519 2676 hae
537 2641 686 2678 notione
700 2642 838 2680 usitata
850 2643 900 2680 sit
912 2642 1069 2689 Latinis,
1094 2653 1158 2677 seu
1177 2639 1280 2676 novis
1295 2652 1360 2676 seu
1376 2641 1549 2688 antiquis.

115 2694 153 2731 in
170 2694 247 2731 iure
265 2696 430 2744 profecto
452 2695 521 2732 alia
538 2697 687 2733 notione
702 2701 920 2747 usurpatur,
939 2701 982 2734 ut
1004 2700 1042 2733 et
1057 2697 1095 2732 in
1120 2695 1301 2733 communi
1322 2695 1550 2744 loquentium

116 2751 388 2788 consuetudine.
414 2751 460 2788 ab
470 2751 538 2788 hac
546 2764 636 2788 voce
654 2752 857 2791 formarunt
872 2752 996 2790 Latini
1014 2752 1283 2800 domesticarum,
1294 2752 1394 2800 quod
1411 2752 1449 2788 in
1469 2753 1548 2789 iure

118 2808 248 2844 exstat.
274 2810 312 2844 et
328 2808 428 2857 apud
447 2806 700 2846 Balsamonem
718 2808 757 2846 in
774 2821 913 2847 canone
934 2810 986 2849 17
1004 2805 1265 2856 Apostolorum
1291 2803 1546 2859 δομεστικατᾶ
