1864 3164
325 181 420 227 258
532 180 810 226 CRETSERI
828 182 901 226 ET
922 181 1099 226 GOARI
1119 182 1561 229 COMMENTARIUS

320 289 595 326 NicetasAlexii
617 290 640 325 3
665 290 688 325 3
713 288 836 324 veteris
861 287 1016 323 editionis
1037 300 1070 335 p.
1094 288 1174 324 566.
1199 301 1271 325 cum
1295 290 1440 337 satrapis
1455 290 1629 326 confundit
1643 303 1676 338 p.
1692 293 1772 328 578.

322 335 478 381 exindep
505 336 572 371 586
595 335 802 369 Bonisacium
827 334 1074 370 Montisferrati
1098 336 1336 379 marchionem,
1361 336 1556 371 Balduinum
1581 337 1776 381 Flandriae,

322 382 507 416 Henricum
537 382 577 415 S.
611 380 709 414 Pauli
743 385 779 414 et
810 380 1016 414 Ludovicum
1048 380 1252 415 Blesensium
1286 381 1424 415 comites
1454 380 1643 427 τοπάρχας
1670 380 1776 423 τινας

323 423 478 470 εὐγενεῖς
502 426 641 463 scribit;
665 436 804 471 quorum
827 436 1063 470 praecessores
1086 426 1413 471 Hierosolymitanae
1436 428 1653 471 profectionis
1675 433 1774 462 ante-

324 472 505 551 signantg,
537 468 724 515 τοπάρχας
756 475 792 506 et
821 468 1004 516 νόμητας,
1041 482 1109 506 non
1132 482 1199 506 uuo
1221 472 1299 508 libri
1322 472 1411 507 tertii
1434 473 1508 507 loco
1530 478 1775 508 memoraverat

324 520 423 552 Anna
477 528 626 551 omnena.

416 596 448 630 p.
462 585 508 620 32
523 595 556 618 ν.
573 585 630 619 21.
654 579 860 627 λογοθέτου
882 579 1112 630 ὑπηρέτημα]
1137 584 1179 619 de
1197 584 1389 619 memoratis
1405 583 1578 619 referebat
1599 584 1644 620 ad
1665 585 1774 631 impe-

323 633 483 664 ratorem.
524 629 595 662 Leo
617 628 864 665 Grammaticus
884 628 916 662 in
936 629 1103 664 Michaele
1119 630 1317 675 Theophili=
1345 627 1558 672 Θεόκτιστος
1573 628 1776 676 λογοθὲτης

323 672 448 710 ἐλθών
471 672 524 713 εἰς
544 672 591 708 τά
614 671 834 718 ἆσηκρήτεια
858 676 1003 717 κρατῶν
1024 673 1090 715 τὰς
1121 673 1337 722 ἀναφορᾶς,
1371 679 1406 709 et
1433 675 1540 709 infra:
1575 671 1773 722 ἐκελεύσθη

324 717 399 765 μετ’
423 717 534 764 ὀργῆς
556 716 703 760 ἀνοῖξαι
725 716 791 758 τὰς
811 715 1007 764 α’ναφορᾶς
1027 720 1090 755 καὶ
1116 718 1338 766 ἀναγνῶναι.
1385 725 1558 754 crescente
1573 732 1707 766 quoque
1721 722 1775 755 lo·

320 767 483 811 gothetae
505 764 705 798 auctoritate
726 764 879 799 decrevit
900 765 1041 799 caniciei
1059 766 1223 811 dignitas,
1248 771 1283 800 et
1306 772 1345 799 ut
1366 765 1426 799 ille
1446 766 1609 811 rescripta
1632 769 1775 812 chryso—

321 811 479 855 bullaque
499 810 658 855 principis
682 810 869 850 emitteret,
915 821 1059 855 urpura,
1094 823 1161 856 qua
1184 812 1256 845 sola
1278 810 1498 854 subsignabat
1519 811 1717 856 imperator,
1740 812 1773 846 ei

322 857 517 891 commissa:
541 855 690 889 canicleo
711 854 867 889 restituta
902 857 1032 899 egitur,
1060 857 1226 890 Manuelis
1250 856 1274 892 l.
1299 857 1321 891 3
1345 856 1434 901 apud
1456 856 1624 892 Nicetam.
1671 858 1773 892 fldem

321 903 460 947 insuper
484 901 548 934 deo
574 905 608 934 et
631 900 755 944 populo
781 911 819 934 se
841 906 1052 936 servaturum
1074 901 1109 938 in
1141 902 1212 936 eius
1244 902 1396 936 manibus
1424 901 1647 948 pollicebatur
1677 902 1773 950 prin-

323 959 405 993 ceps
431 950 588 981 recenter
609 945 801 987 institutus,
827 952 930 992 prout
955 958 1016 981 suo
1045 947 1120 981 loco
1141 948 1319 983 referetur.

434 1036 470 1073 p.
487 1021 541 1062 33
559 1033 582 1058 v
601 1024 633 1061 1.
663 1021 868 1072 domestici]
899 1021 1023 1059 diflert
1042 1022 1112 1059 iste
1128 1035 1154 1061 a
1176 1022 1378 1061 domestico
1396 1034 1544 1060 mensae
1563 1025 1602 1060 et
1619 1021 1667 1060 ab
1692 1021 1771 1060 aliis

322 1078 543 1116 domesticis.
585 1077 638 1114 ita
665 1077 865 1115 vocabatur
896 1075 1004 1128 παρά
1038 1076 1083 1118 τό
1116 1078 1362 1129 δομεστίκιον
1390 1090 1456 1116 seu
1493 1080 1772 1129 δομεστικεῖον,

322 1135 426 1183 qnod
445 1138 502 1170 est
521 1145 580 1170 res
601 1134 823 1182 domestica,
851 1133 952 1170 cuius
970 1134 1044 1171 iste
1063 1145 1186 1171 curam
1213 1134 1390 1184 gerebat,
1419 1134 1583 1183 quamvis
1610 1134 1649 1172 in
1667 1138 1772 1172 cata-

321 1190 410 1239 logo
431 1189 660 1238 officialium,
688 1201 802 1239 supra
830 1202 861 1227 c.
891 1191 940 1239 2,
966 1202 1042 1226 non
1067 1194 1300 1240 compareat:
1329 1193 1410 1228 erat
1435 1202 1524 1242 ergo
1549 1190 1620 1230 iste
1645 1190 1773 1230 dome-

321 1247 436 1284 sticus
457 1244 677 1294 domesticii,
700 1245 748 1282 de
769 1257 843 1295 quo
862 1245 957 1284 infra
975 1246 1108 1285 iterum
1126 1246 1292 1285 Codinus
1304 1259 1338 1284 c.
1358 1249 1395 1287 7.

413 1326 498 1360 ibid.
543 1328 649 1360 mutat
680 1325 812 1370 quidem
842 1337 994 1367 sensum,
1030 1330 1069 1361 at
1104 1326 1245 1371 corrigit
1277 1330 1314 1361 et
1348 1325 1516 1361 meliorem
1551 1325 1662 1360 reddit
1698 1326 1770 1361 Re-

322 1370 456 1415 giorum
482 1371 541 1404 AB
568 1371 688 1412 lectio,
712 1382 799 1416 quae
821 1371 905 1405 haec
928 1375 999 1407 estt
1025 1370 1089 1406 καὶ
1111 1372 1220 1406 τοῦτο
1245 1369 1311 1416 μὲν
1339 1371 1436 1405 ἴδιον
1450 1372 1518 1405 τοῦ
1531 1369 1689 1416 μεγάλου
1708 1373 1769 1405 λο·

321 1414 484 1472 γοθέτου
511 1412 752 1470 ὑπηρέτημα,
785 1412 827 1450 τό
862 1413 904 1450 δὲ
926 1417 992 1450 τοῦ
1010 1416 1242 1472 μεσαστικίου
1271 1417 1343 1461 (vel
1369 1422 1407 1450 ut
1431 1416 1481 1457 B,
1503 1416 1770 1459 μεσαστικείου)

320 1464 500 1506 ενεργεῖν,
524 1472 553 1506 φ
577 1457 624 1494 ἂν
644 1457 809 1502 §nicetem
830 1457 851 1494 ὁ
876 1461 1050 1507 βασιλευς.
1102 1467 1136 1496 ct
1161 1463 1221 1496 hoc
1246 1473 1367 1495 munus
1391 1462 1565 1506 proprium
1581 1461 1770 1506 estmagni

321 1508 519 1551 logothetae
540 1506 601 1548 (ad
623 1517 722 1549 reges
748 1506 916 1548 nimirum,
938 1507 1084 1541 sultanos
1105 1513 1142 1541 et
1173 1508 1352 1552 toparchas
1383 1506 1566 1551 scribere),
1595 1507 1694 1542 intra
1722 1507 1770 1540 li-

321 1555 422 1586 mites
446 1557 563 1586 autem
589 1551 726 1596 imperii
744 1563 861 1585 sacras
886 1553 995 1586 mittit
1019 1553 1049 1586 is
1071 1554 1126 1586 cui
1149 1553 1336 1597 imperator
1364 1553 1591 1586 mandaverit.
1636 1551 1686 1586 ibi
1709 1562 1773 1597 με·

321 1596 507 1632 σαστίκιον
530 1607 551 1630 a
577 1607 628 1630 me
659 1596 864 1641 appellative
893 1597 1206 1640 (Grammaticorum
1239 1609 1330 1631 more
1367 1598 1501 1642 loquor)
1541 1597 1704 1638 sumitur,
1734 1600 1772 1631 et

322 1643 491 1677 subiectas
516 1642 711 1686 imperatori
737 1642 912 1686 regiones,
941 1653 1004 1676 ceu
1028 1644 1177 1677 mediam
1204 1643 1275 1676 eius
1296 1643 1480 1685 dicionem,
1511 1643 1641 1676 referre
1663 1642 1769 1676 addu-

321 1688 410 1722 bito.
456 1687 584 1721 certior
608 1686 814 1720 nihilomiuus
843 1689 975 1721 affirmo
998 1688 1224 1731 μεσαστίκιον
1247 1688 1418 1734 proprium
1440 1687 1544 1722 officii
1564 1697 1683 1721 nomen
1709 1698 1770 1721 ae-

322 1732 540 1774 stimandum,
563 1731 636 1765 eius
658 1732 807 1765 nimirum
832 1732 885 1766 cui
908 1732 1062 1776 negotia,
1082 1733 1212 1776 imperii
1237 1739 1378 1774 statum,
1409 1738 1562 1774 secreta,
1593 1743 1768 1777 personam

320 1779 430 1824 ipsam
452 1777 610 1811 fidentius
633 1777 809 1811 committit
834 1777 1036 1823 imperator3
1062 1789 1138 1812 cum
1164 1790 1232 1823 quo
1252 1789 1353 1812 curas
1368 1777 1507 1819 dividit3
1530 1777 1691 1821 quiinter
1706 1788 1770 1822 po-

320 1823 434 1868 pulum
467 1822 589 1856 milites
619 1826 771 1856 senatum
802 1822 971 1868 principes
1007 1828 1143 1857 exteros
1173 1828 1209 1857 et
1234 1823 1342 1869 ipsum
1374 1822 1609 1868 imperatorem
1639 1823 1770 1857 medius

321 1873 359 1902 et
378 1873 548 1913 sequester
566 1867 766 1909 intercedit,
793 1867 850 1913 qui
865 1878 938 1902 cum
955 1867 997 1902 ad
1016 1868 1080 1902 hoc
1096 1880 1213 1903 munus
1229 1880 1294 1902 non
1310 1880 1350 1902 ex
1365 1868 1490 1902 meritis
1503 1878 1649 1912 semper,
1675 1867 1771 1901 velut

320 1914 515 1956 logotheta,
550 1911 609 1946 sed
634 1924 676 1946 ex
699 1912 772 1946 sola
799 1913 960 1958 principis
985 1913 1096 1957 gratia
1119 1914 1304 1957 favereque
1328 1913 1534 1953 advocetur,
1561 1917 1655 1946 recte
1683 1911 1769 1946 scri-

322 1958 392 2002 psit
413 1962 553 2000 auctor,
581 1953 622 1990 τό
646 1954 688 1990 δὲ
711 1958 779 1991 τοῦ
799 1957 1026 2001 μεσαστικίου
1051 1955 1208 2002 ἐνεργεῖν
1232 1958 1330 1992 ἴδιον
1356 1958 1404 1998 (ei
1430 1967 1568 2002 namque
1582 1957 1769 2002 particulae

319 2003 385 2036 iam
401 2002 604 2047 praemissae
617 2001 781 2046 iungitur)
807 1996 841 2047 ᾤ
862 1997 911 2035 ὂίν
932 2001 1130 2044 προστάξαι
1151 2000 1174 2035 ὁ
1200 2001 1379 2047 βασιλεύςε
1403 2002 1468 2035 hoc
1483 2006 1547 2045 est,
1572 2003 1768 2045 mesasticii,

320 2047 416 2092 quasi
441 2047 531 2080 dicas
557 2046 745 2089 sequestri,
770 2058 891 2081 munus
914 2058 1065 2082 exercere
1090 2048 1137 2080 ad
1160 2059 1233 2080 eum
1256 2048 1379 2080 attinet
1406 2047 1463 2080 cui
1473 2048 1685 2092 praeceperit
1701 2049 1769 2081 im-

316 2096 472 2138 perator.
519 2090 741 2124 mesasticium
765 2091 948 2125 huiusmodi
969 2091 1130 2125 describit
1155 2091 1296 2126 Nicetas
1317 2091 1480 2126 Manuelis
1507 2092 1529 2126 1.
1550 2095 1590 2127 1:
1608 2092 1770 2147 μελεδω·

319 2134 389 2172 νὸν
412 2133 455 2170 δὲ
477 2133 676 2179 μεσεύοντα
700 2133 760 2169 καὶ
778 2136 849 2169 τῶν
866 2134 1010 2171 οἰκείων
1024 2133 1288 2181 ὖποδρηστῆρα
1304 2135 1561 2181 διαταγμάτων
1579 2148 1645 2171 τον
1655 2133 1766 2181 Ἅγιο-

319 2181 552 2225 θεοὸωρίτην
577 2180 725 2223 τίθησιν
750 2177 940 2225 Ἰωάννην.
985 2180 1049 2215 καὶ
1079 2175 1127 2226 ἦν
1159 2179 1179 2215 ὁ
1211 2179 1278 2225 μὲν
1300 2182 1352 2227 τῷ
1369 2181 1550 2226 προσώπω
1572 2183 1641 2217 τοῦ
1661 2182 1769 2228 βασι·

322 2225 412 2266 λέως
435 2223 493 2260 ἀεὶ
516 2222 765 2269 ὀπτανόμενος
805 2225 868 2260 καὶ
890 2222 936 2259 τᾶ
959 2223 1094 2260 τούτου
1116 2221 1321 2270 ἐντάλματα
1342 2223 1412 2261 ὅσα
1436 2226 1498 2261 καὶ
1521 2217 1692 2272 ἕμφάσεις
1725 2223 1767 2262 ἐκ

320 2273 529 2315 κρείττονος
559 2270 690 2316 μοίρας
719 2250 964 2315 ἐκὲεχόμενος.
1011 2283 1129 2306 vocem
1160 2269 1356 2315 μεσεόοντα
1379 2272 1466 2306 inter
1494 2272 1579 2307 alias
1607 2273 1766 2315 observo,

319 2317 374 2364 τῷ
395 2313 596 2361 μεσάζοντα
618 2315 809 2359 significatu
829 2327 941 2361 parem
956 2327 977 2350 a
992 2317 1081 2351 nullo
1097 2317 1299 2361 negandam:
1321 2314 1435 2362 μέγαν
1450 2328 1549 2363 porro
1562 2316 1768 2362 μεσάζοντα

321 2361 614 2408 protovestiarium
641 2361 854 2403 Cabasitem,
878 2373 939 2395 nec
959 2373 1023 2395 non
1047 2362 1146 2396 alium
1168 2361 1370 2406 μεσάζοντα
1392 2363 1662 2397 Cantacuzenum
1692 2373 1766 2397 me·

321 2411 430 2441 morat
460 2407 651 2441 Chronicon
685 2407 755 2440 CP.
801 2407 864 2439 iam
898 2417 981 2441 vero
1012 2404 1087 2442 ἀπὸ
1117 2409 1184 2441 τοῦ
1215 2405 1379 2453 μεσάζειν
1399 2407 1623 2451 μεσαστίκιον
1643 2407 1764 2442 deduci

315 2453 408 2487 solus
430 2452 564 2496 ignorat
593 2451 648 2497 qui
673 2451 807 2485 Graeca
830 2451 945 2485 nescit.
992 2452 1215 2495 μεσαστίκιος
1244 2452 1349 2496 igitur
1380 2453 1438 2486 ille
1474 2458 1527 2486 est
1562 2449 1767 2497 μελεδωνὸς

316 2494 497 2542 μεσεύων,
523 2499 595 2531 τῶν
619 2496 812 2542 βασιλικῶν
845 2493 1080 2541 ὑποδρηστὴρ
1112 2495 1382 2542 διαταγμάτων,
1415 2498 1483 2531 τοῦ
1514 2495 1687 2543 βασιλέως
1716 2494 1765 2532 τὰ

318 2539 524 2586 ἐντάλματα
544 2541 607 2576 καὶ
628 2537 799 2586 ἐμφάσεις
823 2537 1073 2586 ἐκδεχόμενος,
1106 2553 1203 2587 quem
1229 2543 1367 2577 eundem
1392 2547 1509 2576 auctor
1531 2543 1579 2576 ait
1605 2539 1764 2586 ἐνεργεῖν

319 2583 340 2620 ὃ
365 2583 411 2621 ἂν
433 2584 597 2630 ἐπιτάξω
621 2583 640 2620 ὁ
668 2583 844 2633 βασιλεύς.
889 2587 988 2628 talis,
1023 2599 1074 2620 me
1102 2588 1231 2630 iudice,
1261 2593 1341 2622 ante
1363 2587 1569 2631 tyrannidem
1592 2592 1762 2631 arreptam

318 2632 385 2665 suit
410 2632 560 2674 Phocas,
598 2632 656 2676 qui
682 2628 928 2674 ἔντολικάριος
949 2642 969 2665 a
1001 2632 1228 2677 Theophane,
1266 2645 1289 2666 a
1317 2634 1424 2666 sacris
1454 2633 1629 2666 mandatis
1657 2631 1762 2666 fuisse

317 2677 476 2710 scribitur
497 2677 531 2710 in
560 2677 746 2719 Mauricio;
771 2678 829 2721 qui
850 2676 883 2710 in
906 2676 1002 2714 aula.
1028 2678 1118 2722 quod
1140 2678 1315 2712 mandator
1335 2678 1369 2711 in
1393 2677 1565 2718 exercitu,
1599 2674 1646 2711 τά
1667 2688 1759 2721 μαν-

316 2720 414 2755 δάτα
438 2719 560 2767 γνώμῃ
585 2722 651 2756 τοῦ
682 2719 859 2765 ἄρχοντος
887 2720 1033 2766 διδούς,
1064 2723 1321 2768 exsequebatur.
1369 2723 1419 2756 ita
1450 2722 1631 2756 Mauricius
1662 2722 1759 2756 alius.

317 2766 497 2845 ataiterum
523 2767 767 2813 Theophanes:
805 2764 827 2802 ὁ
857 2764 1011 2812 στρατὸς
1038 2763 1311 2814 ἐντολικαρίους
1333 2764 1471 2812 ἔπεμψε
1489 2764 1582 2813 πρὸς
1603 2763 1668 2803 τὸν
1691 2766 1759 2811 βα-

314 2822 348 2846 σι
373 2823 426 2846 εα.
