1864 3164
533 138 596 182 IN
619 132 816 183 CODJNI
852 139 963 184 cAP.
1002 139 1062 183 V.
1445 139 1543 184 253

87 248 137 286 de
153 245 373 286 considerat.
397 257 428 284 c.
450 249 489 296 7,
508 246 571 285 ubi
591 247 746 286 Vossius
770 251 957 299 sagmarii,
974 246 1056 286 loco
1073 247 1248 298 vulgatae
1264 246 1431 286 lectionis
1451 262 1545 287 sam-

85 305 207 343 τηατ-εἳ.
226 303 298 340 etsi
314 302 355 339 in
366 299 511 340 Latinis
530 308 725 357 summarii,
744 308 928 352 mamurii,
944 307 1123 344 :ammorii
1138 306 1247 345 lectio
1266 306 1379 343 etiam
1393 306 1544 342 defendi

86 359 231 412 pomft,
258 359 346 408 quia
369 360 542 412 sagmarii
568 373 704 399 nomen
734 363 834 400 varie
861 362 952 400 varii
981 367 1226 413 corruperunt
1254 367 1294 399 et
1324 362 1374 399 ad
1400 362 1547 400 idiotis-

84 426 185 453 mum
205 427 315 453 suum
331 415 562 454 inflexerunt.
590 416 676 456 hinc
698 418 739 455 in
756 418 878 456 libello
903 419 952 455 de
968 418 1151 456 miraculis
1179 419 1220 457 S.
1258 417 1446 469 Udalrici,
1475 431 1546 456 nec

82 471 286 522 ineleganti
308 475 347 508 et
364 471 456 510 satis
483 473 663 525 antiquo,
690 474 813 523 inquit
833 473 1080 512 Casaubonus
1101 475 1140 512 in
1163 473 1420 526 Lampridium
1445 475 1547 513 obtu-

84 527 199 566 lerunt
226 527 270 565 dc
295 540 376 583 fera
400 532 566 580 quantum
592 543 684 568 unus
700 531 814 582 soa-tis
834 533 1035 570 saumarius
1061 535 1204 582 portare
1223 533 1351 582 potuit.
1394 531 1548 570 deducit

82 583 182 620 idem
200 583 444 622 Casauboms
464 586 668 636 sagmarios
687 599 711 624 a
729 591 904 637 sagmate,
920 591 960 626 et
976 591 1097 635 recte3
1125 591 1165 625 et
1182 600 1307 638 sagma
1328 587 1382 625 ait
1404 599 1488 625 esse
1506 588 1547 625 id

83 639 176 691 quod
194 642 344 678 iumento
360 643 560 692 imponitur,
589 646 630 680 ut
646 643 785 681 mollius
800 644 903 682 vehat
922 648 958 682 et
981 646 1055 682 sine
1072 657 1166 682 noxa
1182 658 1262 683 sua.
1280 643 1400 693 differt
1416 657 1545 694 sagma

82 709 108 734 a
125 695 237 734 sella.-
266 709 349 734 nam
372 710 499 747 sagma
509 701 648 750 proprie
660 703 712 737 est
728 701 822 750 quod
844 701 1007 739 iumentis
1031 713 1135 738 onera
1162 700 1403 738 baiulantibus
1427 702 1542 751 impo-
1563 703 1594 738 P
1616 705 1685 738 202

82 753 204 797 nitur,-
231 752 320 790 sella
348 765 511 805 equorum
538 758 589 792 est
607 755 663 793 vel
681 755 830 793 aliorum
857 755 1093 801 animalium,
1123 757 1247 807 quibus
1267 756 1365 794 lemno
1395 757 1544 797 vehitur.

83 807 217 844 dicitur
233 809 346 847 etiam
364 806 466 862 σαγή
480 814 520 848 et
533 823 680 860 sagum,
702 812 803 860 quod
818 812 1001 862 significat
1020 824 1129 850 omne
1147 813 1419 863 operimentum
1437 812 1544 861 ‘quod

82 863 252 901 iumentis
270 865 480 915 imponitur.
507 867 592 904 vide
611 867 823 905 Casaubon.
849 869 898 906 ad
916 867 1107 919 Lamprid.
1137 868 1201 906 fol.
1227 870 1322 911 321.
1352 869 1421 906 sed
1440 869 1543 919 prior

80 919 300 969 significatio
318 922 443 971 potior
462 926 530 960 est.
588 923 719 960 Graeci
738 925 893 962 flectunt
913 921 1044 977 σάγμα
1070 926 1145 964 τοῦ
1166 921 1385 976 σάγματος,
1413 923 1541 962 Latini

81 988 207 1025 sagma
224 989 389 1027 sagma&
421 991 509 1030 quae
529 983 687 1031 corrupte
703 981 812 1031 vulgo
825 981 956 1020 dicitur
972 981 1127 1030 salmus,
1150 980 1273 1032 inquit
1291 980 1421 1019 Isidor.
1444 981 1467 1020 l.
1483 982 1541 1023 20

77 1030 249 1082 Etymol.

170 1095 256 1133 ibid.
277 1093 508 1143 τζαγγοὶριος]
542 1098 660 1133 Simon
693 1098 829 1134 Portius
865 1111 940 1134 cum
974 1103 1132 1136 auctore:
1160 1097 1336 1145 ameris,
1365 1095 1540 1135 σκυτοτό-

78 1151 166 1186 μος,
206 1137 458 1186 ὑποδημάτων
498 1142 733 1189 δημιουργός.
778 1146 1003 1181 calceolarius
1017 1175 1027 1191 ‚
1067 1153 1175 1182 sutor.
1223 1146 1314 1193 apud
1354 1146 1539 1191 Theopha-

79 1198 155 1221 nem
177 1186 212 1220 in
233 1186 418 1221 Iustiniano
440 1185 488 1224 τοὶ
516 1189 736 1235 τζαγγοὶρια,
769 1193 933 1235 officinae
954 1194 1117 1228 sutoriae.
1161 1204 1233 1226 rem
1255 1196 1362 1226 totam
1385 1193 1540 1237 profero,

79 1237 117 1266 et
137 1231 222 1267 alios
245 1232 280 1266 in
303 1233 421 1267 ordine
441 1236 688 1280 compositurus
711 1241 809 1270 extra
833 1238 968 1271 chorum
994 1238 1093 1274 salto.
1140 1238 1411 1283 conquerebatur
1429 1249 1538 1283 popu-

77 1277 132 1311 lus
152 1277 186 1311 in
208 1279 409 1323 spectaculis
429 1291 541 1314 coram
563 1281 767 1327 imperatore
790 1282 834 1315 de
855 1283 1043 1328 Calepodio
1059 1283 1284 1319 cubiculario:
1308 1281 1538 1318 καλοπόδιον

32 1322 40 1329 “
77 1327 191 1357 autem
213 1324 324 1369 (quod
347 1324 405 1358 alii
425 1326 655 1361 καλαπόὸιον
676 1327 913 1372 pronuntiant)
938 1334 1056 1374 typum
1080 1331 1290 1363 calcearium
1313 1328 1388 1362 sive
1415 1330 1538 1374 pedem

78 1369 256 1414 lig-neum,
279 1381 347 1414 quo
369 1374 502 1406 sutores
524 1376 681 1414 utuntur,
704 1373 841 1410 indicat.
887 1385 960 1408 cum
983 1386 1067 1408 vero
1091 1375 1314 1418 calepodium
1339 1374 1383 1407 de
1402 1375 1536 1409 nomine

77 1425 145 1448 non
167 1414 311 1448 auderet
332 1416 476 1460 populus
498 1417 635 1459 dicere,
658 1429 722 1451 nec
744 1429 782 1451 se
805 1429 1013 1462 cognoscere
1034 1419 1237 1454 internuntio
1260 1418 1459 1453 mandatore
1478 1431 1537 1453 re-

77 1459 261 1502 sponderet
281 1459 484 1504 imperator,
507 1462 709 1496 exclamavit
732 1463 893 1507 populus:
918 1462 938 1498 ὂ
962 1465 1192 1498 πλεονεκτῶν
1212 1476 1280 1509 με,
1314 1464 1532 1508 τρισαύγου·

78 1514 158 1548 ors,
179 1501 234 1544 εἰς
254 1501 302 1539 τὰ
323 1503 524 1550 τζαγγοίρια
543 1504 767 1551 εὑρίσκεται,
791 1508 1031 1550 Καλοπόὸιος
1053 1509 1218 1546 nimirum.
1263 1509 1343 1544 vide
1356 1509 1535 1544 Iustiniani

77 1553 192 1584 aetate
213 1549 436 1595 imperatores
458 1551 523 1585 iam
545 1552 678 1597 tzangis
695 1563 786 1586 usos.

187 1618 275 1657 ibid.
323 1614 397 1674 τοὶς
429 1616 667 1672 προκύψας.
709 1621 858 1659 dubitat
895 1621 1080 1660 Meursius
1107 1634 1197 1662 num
1228 1622 1296 1660 viri
1336 1623 1459 1675 docti,
1498 1624 1539 1662 id

77 1677 137 1712 est
166 1672 317 1725 Iunius,
354 1671 560 1727 πρόκυψιν
594 1680 696 1714 recte
725 1681 874 1715 vertant
904 1682 1102 1717 oratorium.
1157 1679 1190 1716 si
1224 1691 1302 1717 non
1329 1685 1430 1718 recte
1457 1693 1541 1718 ver-

78 1733 188 1781 tunt,
215 1744 280 1768 cur
301 1744 379 1769 non
391 1732 520 1770 mellus
540 1733 633 1783 quid
655 1733 856 1784 suggeris?
882 1734 914 1771 si
947 1735 1116 1774 voculam
1138 1736 1258 1786 ipsam
1281 1737 1389 1773 nimis
1416 1749 1541 1786 gram-

77 1786 211 1824 matice
238 1800 393 1838 urgeas,
431 1786 638 1840 πρόκυψις
664 1803 742 1828 non
780 1794 840 1828 est
874 1793 1096 1842 oratorium,
1134 1792 1203 1830 sed
1239 1791 1342 1831 locus
1375 1794 1541 1831 eminen-

78 1843 172 1892 tior,
209 1844 310 1881 unde
339 1844 540 1895 imperator
571 1846 748 1897 eminere,
786 1848 998 1898 prospicere
1034 1852 1074 1886 et
1105 1853 1345 1899 prospectare
1375 1862 1442 1887 seu
1472 1850 1540 1888 de-

76 1903 246 1949 spectare
272 1904 432 1950 poterat.
470 1901 502 1938 si
526 1914 604 1939 rem
631 1903 752 1952 ipsam
778 1904 1071 1954 consideremus,
1099 1902 1305 1956 πρόκυψις
1332 1909 1392 1943 est
1419 1910 1538 1944 orato-

75 1958 191 2004 n'um,
233 1956 321 2005 quia
355 1956 456 1994 locus
505 1957 565 1995 ille
606 1959 687 1996 sine
727 1959 839 1996 dubio
887 1973 963 1997 non
1002 1964 1084 1998 erat
1130 1973 1175 1998 eo
1230 1961 1438 1999 destinatus
1491 1966 1535 2000 ut

76 2011 278 2061 imperator
294 2013 381 2050 inde
394 2017 540 2051 tantum
554 2016 795 2066 prospiceret,
817 2017 884 2052 sed
904 2020 947 2053 ut
965 2018 1017 2054 rei
1037 2017 1182 2055 divinae
1201 2021 1239 2054 et
1258 2018 1427 2068 precibus
1444 2030 1538 2067 quo-

78 2078 151 2115 que
168 2068 368 2105 fundendis
388 2082 540 2121 operam
558 2071 675 2110 daret.
703 2073 804 2111 unde
820 2072 868 2111 ab
883 2073 1052 2112 oratione
1067 2073 1140 2111 illic
1161 2071 1239 2112 fieri
1258 2075 1370 2114 solita
1391 2077 1540 2114 oratorii

75 2122 278 2174 appellatio
297 2123 378 2162 loco
397 2127 561 2164 accessit.

167 2187 215 2220 ib.
238 2199 274 2225 v.
309 2187 363 2222 14.
392 2187 562 2243 1ξζοιγγιυὶς]
594 2190 676 2235 quia
706 2202 879 2226 commune
910 2195 945 2227 et
963 2193 1036 2227 »vile
1053 2193 1274 2237 τζαγγαρίου
1299 2205 1420 2228 nomen
1443 2194 1535 2239 apud

78 2232 255 2276 Graecos,
277 2233 451 2277 τζαγγας,
484 2235 581 2279 quasi
603 2236 757 2280 digniore
779 2237 914 2271 honoris
943 2239 1040 2273 titulo
1071 2239 1237 2282 donatus,
1270 2240 1407 2274 aulicus
1437 2245 1536 2275 sutor

75 2282 229 2312 vocatur.
273 2289 316 2311 an
338 2289 405 2312 non
426 2279 512 2313 ficus
536 2292 668 2326 semper
689 2281 774 2316 ficus
798 2287 833 2316 et
856 2284 982 2329 scapha
1000 2285 1158 2330 scapha?

168 2345 214 2379 ib.
233 2356 268 2380 v.
294 2345 350 2381 15.
369 2343 643 2392 παιδόπουλον]
668 2360 696 2382 ω
718 2348 754 2383 in
778 2360 823 2383 ov
857 2356 1055 2386 commutato
1087 2363 1158 2386 vox
1187 2350 1307 2389 πῶλος
1337 2350 1437 2383 alteri
1467 2350 1534 2384 ad-

76 2389 189 2424 iuncta
207 2389 436 2437 diminutivum
459 2392 538 2436 quid
559 2403 691 2439 semper
712 2400 828 2435 sonat3
851 2396 928 2430 hinc
950 2395 1209 2431 παιδόπουλον
1228 2397 1430 2436 adolescens,
1445 2406 1534 2439 puer

76 2436 298 2479 honorarius,
341 2440 442 2481 prout
469 2438 621 2483 superius
650 2436 691 2474 τὸ
727 2437 956 2476 ἄετόπουλον
985 2447 1021 2476 et
1053 2438 1359 2476 αὐθεντόπουλσν
1379 2451 1531 2485 parvam

78 2483 255 2527 aquilam,
276 2493 426 2527 parvum
448 2483 620 2518 dominum
642 2486 773 2519 referre
794 2486 919 2522 dictum
943 2492 1007 2523 est.

186 2552 274 2591 ibid.
311 2551 438 2589 Iunius
460 2552 551 2603 legit
581 2557 654 2594 τοῦ
684 2556 908 2609 βεστιαρίου
952 2552 1082 2605 ἐντός,
1122 2559 1161 2592 et
1198 2554 1283 2591 huic
1316 2566 1407 2592 suae
1445 2555 1536 2592 scri-

79 2610 211 2658 pturae
229 2608 320 2645 mira
342 2608 539 2658 phasmata
557 2612 791 2663 supa-struit,
809 2614 859 2651 ad
876 2613 1046 2650 verbum:
1075 2613 1237 2649 vestiarii
1254 2611 1345 2661 quod
1366 2615 1416 2648 est
1435 2613 1534 2649 intus

78 2662 228 2714 (nempe
247 2665 285 2701 in
308 2665 456 2702 cerebro
471 2664 584 2717 Iunii)
612 2670 645 2704 et
663 2669 848 2706 interioris.
888 2674 927 2706 et
955 2681 1042 2707 mox
1070 2667 1143 2705 tria
1169 2667 1338 2704 vestiaria
1365 2667 1530 2717 adducit,

78 2722 281 2759 vestiarium
300 2722 451 2771 proprie
472 2721 610 2759 dictum
626 2735 649 2760 a
667 2728 791 2775 veste,
819 2731 858 2762 et
875 2725 1086 2762 vestiarium
1108 2723 1227 2760 minus
1248 2723 1396 2773 proprie
1415 2738 1528 2775 ταμι-

79 2777 183 2826 εῖον,
219 2779 259 2815 et
282 2777 493 2817 vestiarium
513 2779 718 2820 vestibulum
747 2780 897 2834 palatii,
936 2793 1004 2835 per
1030 2779 1258 2820 catachresin
1282 2791 1348 2817 seu
1370 2778 1525 2818 abusum
