1820 3178
274 226 368 274 158
472 227 749 274 GRETSERI
774 228 847 271 ET
876 225 1050 271 GOARI
1075 226 1514 272 COMMENTARIUS

273 340 375 392 quod
406 340 540 392 sciam,
575 340 727 379 Citrius.
755 337 902 377 exarchi
933 337 1096 388 dignitas
1128 336 1215 376 olim
1240 336 1338 376 clara
1370 337 1442 376 fuit
1477 337 1589 376 etiam
1621 341 1726 378 extra

270 398 460 437 eeclesiam
477 398 574 437 inter
602 396 785 449 palatinas
809 394 1017 434 functiones
1041 397 1081 432 et
1105 394 1370 445 imperatorias,
1408 394 1494 433 hinc
1514 395 1658 434 exarchi
1674 395 1727 432 illi

271 455 312 494 in
329 455 460 505 Italia,
484 466 641 503 quorum
659 464 843 502 nusquam
861 463 936 489 non
954 451 1103 489 mentio.
1130 454 1170 488 et
1193 450 1409 488 Gennadius
1429 451 1601 490 exarchus
1621 451 1728 502 Afri-

273 525 336 550 cae
347 540 360 560 ,
387 511 436 549 ad
451 523 560 560 quem
576 509 704 548 scribit
723 509 763 547 S.
779 508 983 560 Gregorius
1000 506 1161 558 Magnus
1179 505 1204 545 l.
1237 508 1274 547 1.
1298 507 1407 558 epist.
1427 508 1492 549 37.
1519 506 1605 545 hinc
1623 520 1728 545 exar-

272 568 399 606 chatus
426 571 467 605 et
500 565 681 606 exat-chia.
718 564 888 620 ἔπαρχος
919 563 1084 618 palatina
1116 563 1278 615 dignitas
1315 567 1376 603 est
1402 562 1504 616 apud
1543 563 1730 602 Codinum

363 716 398 751 p.
426 704 449 739 6
480 715 515 740 v.
548 705 604 740 10.
653 699 808 750 ἔξαρχον
830 715 904 739 eum
930 702 1032 739 hodie
1057 704 1198 746 vocant,
1222 701 1279 746 qui
1298 701 1393 736 velut
1413 711 1436 735 a
1455 700 1564 736 latere
1584 700 1731 746 patriar-

277 750 363 784 chae
387 750 519 794 legatus
553 750 747 796 provincias
772 750 804 784 ei
827 750 996 785 subiectas
1014 749 1102 790 obit,
1132 759 1173 782 ac
1202 746 1246 781 de
1277 747 1472 782 clericorum
1499 746 1664 788 moribus,
1688 745 1731 780 de

280 795 390 829 causis
413 795 672 838 ecclesiasticis,
691 797 734 831 de
749 796 841 831 cultu
857 796 991 838 divino,
1018 795 1046 828 si
1061 805 1126 828 non
1144 793 1354 838 obsolescat,
1379 793 1422 827 de
1437 792 1598 836 coniugiis
1613 795 1650 826 et
1671 803 1732 826 eo-

281 852 354 875 rum
369 841 526 875 divortiis
536 868 547 885 ‚
569 842 612 877 de
625 842 733 887 plebis
748 842 983 889 pontificisque
998 839 1146 874 dissidiis
1156 864 1168 881 ‚
1195 839 1238 873 de
1253 849 1416 873 canonum
1431 838 1733 872 ecclesiasticorum

284 886 525 927 observantia,
549 887 592 920 de
614 888 851 929 sacramentis,
875 885 1091 920 consessionis
1112 884 1274 929 maxime,
1297 883 1527 926 conferendis.
1550 883 1593 917 de
1616 893 1734 918 mona-

281 932 418 966 chorum
444 932 635 978 disciplina,
680 933 723 967 de
747 933 961 967 ecclesiarum
983 943 1003 966 a
1026 930 1232 966 dioecesanis
1258 935 1486 976 exemptarum
1506 929 1636 974 legibus
1666 932 1732 962 etc.

280 978 436 1022 inquirit,
460 982 495 1012 et
511 978 563 1012 his
587 979 717 1014 cunctis
740 990 782 1013 ex
807 989 914 1024 aequo
938 979 1111 1022 bonoque,
1135 976 1237 1018 dum,
1263 975 1354 1021 quod
1371 976 1486 1016 aiunt,
1507 974 1734 1010 visitationem

279 1023 416 1068 peragit
431 1049 443 1067 ‚
470 1024 613 1058 consulit
637 1024 670 1058 in
691 1028 879 1070 posterum3
902 1034 985 1070 prae
1001 1021 1151 1056 omnibus
1165 1033 1248 1055 vero
1264 1031 1383 1055 census
1399 1033 1442 1055 ex
1461 1031 1662 1065 unaquaque
1677 1031 1736 1053 ec-

280 1069 383 1103 clesia
409 1069 622 1114 patriarchae
645 1070 867 1104 obvenientes
891 1074 926 1103 et
951 1072 1072 1102 cuncta
1097 1067 1142 1101 ad
1169 1078 1242 1101 eum
1267 1067 1455 1111 spectantia
1468 1066 1542 1100 iura
1556 1065 1736 1110 diligenter

279 1114 402 1149 investi
429 1119 485 1157 at,
505 1115 612 1159 rigide
630 1116 777 1160 colligit,
803 1120 838 1150 et
862 1124 1098 1158 nonnunquam
1125 1112 1245 1146 exinde
1259 1113 1430 1158 perampla
1447 1114 1586 1154 auctus,
1610 1110 1653 1144 ad
1693 1122 1733 1144 a-

279 1160 406 1194 triarch
429 1171 458 1194 m
484 1160 607 1195 desert.
653 1162 717 1195 hoc
746 1161 815 1195 eius
842 1171 961 1194 munus
986 1158 1211 1205 imperatoriis
1235 1157 1389 1193 exarchis
1405 1158 1438 1191 in
1454 1157 1550 1191 Italia
1564 1167 1655 1202 quon
1680 1167 1733 1191 am

279 1205 505 1240 residentibus
529 1218 596 1240 non
612 1206 775 1248 absimile,
798 1206 846 1240 illi
862 1207 889 1240 si
909 1205 1040 1250 quidem
1056 1203 1137 1238 belli
1152 1203 1311 1249 pacisque
1326 1208 1479 1248 tempore
1495 1208 1616 1237 cuncta
1630 1202 1738 1248 impe-

279 1256 428 1285 ratorum
448 1250 522 1285 iura
543 1257 636 1286 sarta
662 1257 754 1286 tecta
778 1252 981 1286 servabant:
1008 1250 1043 1284 hi
1067 1249 1214 1295 pariter,
1239 1260 1302 1283 ceu
1322 1248 1534 1296 patriarchae
1555 1247 1674 1282 vicarii
1695 1259 1736 1282 ac

281 1296 355 1330 eius
376 1307 555 1342 personam
578 1298 783 1338 referentes,
820 1308 949 1331 omnem
975 1296 1089 1330 eorum
1113 1299 1274 1329 exercent
1297 1299 1523 1340 potestatem,
1551 1298 1588 1328 et
1609 1304 1737 1328 omnem

278 1342 431 1376 debitum
464 1353 596 1376 censum
631 1353 745 1376 eorum
768 1342 898 1376 nomine
927 1341 1078 1386 exigunt.
1131 1339 1319 1374 Allatiana=
1357 1336 1378 1374 ὃ
1411 1338 1562 1384 ἔξαρχος
1592 1338 1738 1373 ἵσταται
1788 1376 1790 1378 ,

277 1387 434 1431 πλησίον
463 1388 532 1422 τοῦ
563 1386 844 1431 δευτερεύοντος
879 1383 918 1421 ἐν
949 1383 1139 1432 ἐκκλησίᾳ,
1179 1384 1321 1429 ’γυρεύει
1350 1381 1393 1419 δὲ
1425 1384 1490 1420 καὶ
1512 1385 1589 1419 πᾶν
1611 1384 1739 1424 σκεῦος

277 1431 342 1466 καὶ
365 1429 525 1478 ἀλλαγὰς
546 1434 611 1478 τῆς
632 1434 803 1478 περιοχῆς
826 1433 890 1472 τ”ς
914 1427 1127 1475 ἐπισκοπῆς.
1176 1427 1395 1475 ἄναθεωρεῖ
1415 1427 1458 1464 δὲ
1490 1428 1554 1464 καὶ
1574 1426 1640 1469 τὰς
1661 1429 1739 1473 κρί-

277 1488 351 1517 σεις
373 1478 438 1522 τῆς
459 1474 568 1522 ἁγίας
591 1475 798 1523 ἐκκλησίας,
829 1489 846 1512 ε
887 1473 1091 1521 ἐκρίθησαν
1114 1475 1275 1516 δικαίως.
1322 1474 1388 1510 καὶ
1412 1473 1546 1520 γράφει
1569 1471 1616 1509 τὰ
1637 1473 1740 1510 ἄντι·

277 1522 416 1568 μίνσια.
463 1520 682 1567 ἆναγυρεύει
705 1521 747 1558 δὲ
771 1522 833 1558 καὶ
862 1523 936 1559 τῶν
969 1519 1208 1566 ἀνδρογύνων
1243 1517 1290 1557 τοὶ
1315 1518 1522 1565 κωλύματα.
1570 1522 1740 1555 antimcn-

277 1570 339 1603 siis
356 1569 426 1603 diez·
448 1570 614 1615 annique,
646 1582 710 1614 quo
732 1575 932 1604 consecrata
952 1573 1050 1607 sunt,
1077 1573 1180 1601 notas
1200 1567 1363 1612 apponit:
1391 1572 1426 1601 et
1443 1566 1739 1601 matrimoniorum

276 1615 523 1659 impedimenta
553 1616 739 1650 examinat.
783 1615 930 1649 observa
953 1612 995 1647 τὸ
1022 1609 1161 1656 ἅλλαγή
1186 1618 1312 1647 vestem
1348 1623 1485 1646 sacram
1512 1612 1662 1654 referre,
1694 1608 1738 1646 τὸ

279 1656 449 1742 ᾆλέοέσσω
482 1671 565 1695 vero
597 1659 810 1706 frequentius
842 1671 905 1706 per
935 1661 1046 1694 totum
1077 1659 1142 1693 hoc
1171 1668 1257 1704 opus
1280 1668 1462 1692 occurrens
1483 1662 1596 1693 vestes
1620 1667 1740 1693 sacrae

282 1717 323 1741 m
349 1717 440 1742 uere.

392 1782 479 1823 ibid.
534 1782 700 1821 Ultimus
737 1785 796 1820 est
845 1780 1095 1830 ecclesiarcha,
1138 1778 1337 1831 praefectus
1377 1779 1549 1819 ecclesiae.
1602 1778 1741 1817 Citrius

281 1838 450 1877 nominat
468 1843 544 1877 tres
565 1836 757 1891 ἄρχοντας
775 1840 854 1878 τῶν
876 1838 1113 1889 ἐκκλησιῶν,
1141 1837 1237 1874 inter
1257 1849 1350 1885 quos
1374 1836 1474 1874 haud
1501 1835 1612 1873 dubie
1631 1847 1740 1884 unus,

141 1897 170 1933 P
194 1897 262 1935 177
287 1896 351 1945 qui
380 1908 497 1947 supra
528 1896 567 1933 in
598 1896 728 1944 quinta
755 1895 918 1945 pentade
948 1895 1068 1931 dictus
1094 1896 1174 1941 est,
1210 1890 1235 1932 ὅ
1261 1889 1394 1944 ἅρχων
1418 1894 1500 1931 τῶν
1525 1891 1741 1941 ἐκκλησιῶν

285 1948 382 2003 μετὰ
403 1954 478 1992 τοῦ
496 1952 713 1991 σακελλίου.
742 1950 956 1989 Bonefidius
978 1949 1108 1999 vertit,
1129 1948 1253 1986 nescio
1283 1960 1394 1998 quam
1422 1947 1522 1985 bona
1549 1947 1644 1999 fide,
1670 1951 1739 1985 tres

284 2010 517 2058 magistratus
538 2008 771 2046 ecclesiarum.

377 2095 397 2134 ὅ
423 2095 696 2143 ἕκκλησιᾶρχης]
725 2097 784 2143 qui
809 2109 891 2133 suae
921 2109 1024 2133 curae
1047 2097 1281 2132 demandatam
1306 2095 1470 2131 ecclesiae
1494 2106 1606 2130 curam
1631 2098 1739 2138 tenet,

284 2145 328 2180 ad
351 2145 498 2180 officium
518 2144 667 2178 divinum
690 2144 750 2178 dat
773 2144 892 2188 signa,
920 2145 1044 2178 lumina
1064 2143 1211 2188 disponit
1236 2147 1272 2177 et
1297 2142 1471 2184 accendit,
1506 2142 1625 2176 sedilia
1647 2153 1740 2176 com-

285 2191 403 2237 ponit,
436 2201 550 2224 sacras
573 2190 733 2233 imagines
756 2191 887 2234 profert
909 2191 964 2223 vel
989 2190 1160 2231 recondit,
1193 2199 1235 2222 ac
1267 2187 1411 2232 deniqne
1438 2187 1632 2222 munditiem
1663 2187 1742 2222 ubi·-

284 2247 351 2282 que
375 2235 551 2282 splendere
570 2235 748 2281 providet,
778 2245 844 2268 uno
869 2236 973 2269 verbo
1001 2236 1062 2269 sub
1089 2234 1336 2279 sceuophylace
1364 2244 1484 2278 magno
1506 2244 1662 2267 vasorum
1678 2243 1741 2266 cu-

284 2282 383 2316 stode
408 2281 581 2315 sacristam
607 2280 691 2324 agit.
737 2279 810 2315 eius
833 2281 1026 2314 instituendi
1052 2282 1190 2314 formam
1217 2279 1250 2312 in
1274 2278 1514 2323 Euchologicis
1537 2278 1662 2324 protuli
1677 2278 1737 2315 fol.

283 2328 364 2363 489.
382 2327 509 2361 socium
528 2338 570 2361 ex
587 2327 797 2360 Graecorum
813 2326 921 2360 relatu
937 2323 1002 2360 τὸν
1018 2322 1222 2370 διαβαστήν
1245 2327 1403 2359 lectorem
1419 2336 1609 2360 sermonum
1627 2329 1662 2359 et
1677 2325 1740 2358 Ῑιο-

283 2374 457 2408 miliarum
484 2376 519 2406 et
540 2368 806 2415 κανδηλάπτην
830 2372 933 2406 cereis
964 2373 1172 2416 lucernisque
1201 2370 1424 2405 accendendis
1447 2372 1659 2415 praefectam
1677 2368 1740 2403 ad-

287 2419 391 2453 iunxi.
438 2418 538 2460 huic,
567 2417 655 2452 sicut
679 2421 714 2451 et
736 2417 791 2461 τῷ
810 2415 1066 2462 λαοσυνοὶπτῃ,
1104 2417 1271 2460 signorum
1294 2415 1328 2449 in
1355 2416 1496 2450 ecclesia
1512 2414 1739 2450 faciendorum

288 2464 438 2498 studium
463 2463 638 2498 committit
651 2462 794 2496 Allatius
809 2461 852 2496 de
867 2462 1091 2496 recentiorum
1107 2463 1319 2495 Graecorum
1333 2461 1470 2505 templis
1485 2461 1544 2496 sol.
1563 2462 1641 2496 101.
1659 2471 1740 2505 pro-

286 2510 455 2555 indeque,
480 2509 508 2543 si
531 2520 597 2543 nou
614 2519 726 2543 eorum
743 2519 877 2542 munere
892 2508 1064 2552 fungitur,
1089 2518 1172 2542 suae
1188 2508 1305 2541 saltem
1323 2507 1535 2551 dispositioni
1549 2510 1644 2540 tenet
1658 2505 1740 2540 sub-

288 2556 398 2589 iectos
427 2555 485 2600 qui
511 2558 694 2600 sequuntur
716 2553 751 2587 in
780 2553 968 2589 Allatianis.
1014 2552 1033 2587 ὁ
1060 2551 1242 2597 πρώξιμος
1265 2549 1397 2595 ὁρίζει,
1420 2551 1483 2587 καὶ
1506 2551 1741 2597 σημαίνουσιν

290 2596 331 2634 ἐν
355 2600 412 2647 τῷ
430 2601 551 2647 καιρῷ
571 2601 636 2644 τῆς
657 2598 875 2644 ’ψαλμῳδίας
901 2596 940 2632 ἐν
962 2598 1008 2643 τῇ
1030 2599 1215 2644 καθολικῇ
1248 2596 1430 2641 ἐκκλησίᾳ.
1477 2595 1497 2633 ὁ
1519 2593 1739 2641 καταγοριᾶ-

290 2657 356 2690 ρης
379 2646 484 2689 (alias
509 2642 794 2690 κατηγοριοέρης)
819 2645 1026 2687 φιλοκαλῶν
1048 2641 1116 2688 τὴν
1138 2640 1352 2687 ἐκκλησίαν·
1384 2641 1492 2677 ἅπτει
1520 2639 1562 2677 δὲ
1589 2640 1652 2677 καὶ
1676 2636 1741 2680 τὰς

293 2689 500 2735 κανδήλας,
534 2688 639 2735 φέρει
661 2687 704 2724 δὲ
730 2689 795 2724 καὶ
815 2687 995 2734 λαμπρόν.
1044 2689 1188 2733 (addunt
1208 2689 1294 2723 alia:
1318 2685 1506 2732 ὑπομνίζει
1528 2683 1596 2728 τοὶς
1616 2682 1740 2730 ἐπισή-

293 2747 385 2780 μους
415 2731 544 2780 ἑορτάς
571 2737 639 2771 τοῦ
676 2735 789 2779 λαοῦ,
833 2735 896 2770 ἵνα
929 2734 1119 2779 σχολάσῃ.)
1182 2732 1221 2769 οῖ
1256 2731 1508 2778 λαμπαὸἇριοι
1548 2731 1742 2772 καθίζουσι

295 2781 402 2826 (aliut
433 2782 698 2825 καθαρίζουσι)
727 2777 796 2821 τὰς
827 2778 1041 2826 λαμπάδας,
1063 2778 1244 2815 ἅπτουσιν
1267 2778 1307 2815 ἐν
1329 2780 1376 2859 τῇ
1397 2775 1582 2825 ἐκκλησίᾳ.
1620 2775 1649 2833 ,ὅ
1676 2777 1739 2830 fit}-

294 2823 510 2872 σταγοὶριος,
542 2828 606 2862 ’ἵνα
640 2827 758 2874 βαστᾷ
788 2823 854 2861 τὸν
883 2827 948 2870 τῆς
978 2822 1171 2870 ἐκκλησίας
1201 2822 1307 2868 ἅγιον
1332 2836 1349 2859 ε
1367 2837 1384 2865 ς
1406 2820 1507 2862 λιτάς
1530 2821 1593 2858 καὶ
1614 2832 1743 2866 coetae

295 2869 506 2917 ἐπισήμους.
554 2873 629 2917 [Mz
662 2870 702 2908 οἷ
728 2869 882 2919 θεώριοι
914 2867 963 2907 voi
987 2871 1159 2917 θεωροῦν
1182 2870 1246 2906 καὶ
1268 2867 1316 2906 να
1340 2867 1545 2904 σκοπεύουν
1567 2865 1654 2909 τοὺς
1674 2863 1739 2912 ἄρ-
