1864 3164
556 93 618 180 ‘m
649 109 843 187 cdnuu
872 138 979 181 GAP,
1006 138 1085 183 lv.
1446 139 1543 184 239

134 272 150 287 ζ,
183 245 334 290 μων.
354 245 387 279 1.
418 243 528 278 τοῦτο
559 243 726 289 βλατίον]
761 244 797 278 ni
832 244 926 279 iuxta
956 245 1103 290 Regium
1126 248 1307 291 utrumque>
1327 243 1477 278 codicem
1501 242 1546 279 οὖ

103 287 146 331 τὸ
173 289 323 338 plution*
346 289 556 367 ῐεὲοευετῐε,
590 290 682 324 locus
706 294 883 335 corruptus
905 294 942 324 et
960 302 1077 326 sensus
1098 296 1296 336 perseverat
1317 290 1544 335 imperfectus.

191 337 238 373 ib.
261 347 293 372 v.
317 336 351 371 2.
403 335 601 379 ικανικίου]
633 334 760 379 virgam
794 346 927 369 auream
962 346 1021 370 seu
1054 337 1225 382 proprium
1252 335 1384 379 insigne
1405 336 1546 379 gerebat

103 379 180 415 olim
202 391 284 415 cura
301 379 429 425 palatii,
456 379 514 424 qui
538 381 750 425 curopalates
772 381 858 426 apud
884 381 1120 416 Cassiodorum
1145 382 1226 417 Var.
1248 383 1271 417 7
1285 381 1330 416 5:
1355 381 1444 414 illud
1459 393 1545 425 quo-

102 437 167 471 que
195 427 395 468 considera,
425 437 496 470 qua
522 427 783 470 gratificatione
814 428 992 470 tracteris,
1025 433 1063 462 ut
1085 439 1195 462 aurea
1228 427 1335 472 virga
1365 427 1546 460 decoratus

101 473 192 506 inter
212 472 373 516 obsequia
393 482 571 505 numerosa
594 476 675 505 ante
695 473 799 516 pedes
818 474 932 517 regios
954 472 1084 517 primas
1106 474 1256 508 videaris
1278 473 1454 515 incedere,
1487 473 1544 507 vel

101 518 157 552 uta·
185 517 258 562 ipen
288 516 474 552 testimonio
504 517 694 550 vicinitatis
723 521 861 551 nostrae
894 529 1120 561 agnoscamur
1150 519 1216 552 tibi
1242 518 1380 563 palatia
1401 519 1542 552 commi-

102 563 194 596 sisse.
241 566 278 596 at
298 561 345 596 nil
368 567 510 595 mentem
535 566 676 607 occupat
698 567 758 595 aut
780 563 1026 597 admirationem
1048 568 1160 598 movet
1183 563 1216 597 in
1240 562 1422 608 principum
1437 562 1542 598 curiis

101 607 165 642 nisi
186 607 276 651 quod
298 617 441 649 novum,
462 606 644 648 insuetum,
669 613 728 642 aut
752 607 852 642 facile
876 612 990 653 potest
1012 608 1092 642 oriri
1113 620 1154 642 ae
1179 609 1276 642 elabi.

189 653 237 686 ib.
264 664 299 686 v.
323 651 378 686 14.
400 651 650 697 χρυσάσπρον]
683 649 823 696 ἇσπρος
845 654 1011 688 candidus
1033 658 1086 688 est
1110 653 1254 688 Graecis
1277 653 1540 692 reemtioribun

100 697 189 742 apud
213 708 296 742 quos
319 697 419 731 etiam
438 702 632 741 argenteam
659 703 819 732 monetam
842 699 988 743 quinque
1010 699 1067 734 vel
1088 711 1148 734 sex
1170 699 1367 734 minutorum
1384 699 1542 732 denario-

101 753 173 776 rum
195 743 295 788 pretii
317 738 460 787 ἅσπρον
484 743 527 776 ob
554 743 730 777 candorem
754 744 873 778 dictam
896 744 1031 778 audies:
1064 756 1105 779 ea
1137 748 1189 779 est
1212 744 1379 789 quincunx
1401 744 1542 778 Franci-

100 798 180 830 cus,
203 800 251 822 un
272 789 394 829 blanc,
414 788 506 832 piece
528 789 571 822 de
592 800 753 833 monuoye
775 790 936 831 blanche,
958 790 992 823 in
1014 801 1080 834 quo
1099 801 1200 824 suave
1220 800 1344 823 sonans
1365 800 1432 823 vox
1452 789 1541 822 Gal-

101 833 168 867 lica
188 833 223 867 in
245 844 346 867 sensu
369 844 441 866 cum
466 833 600 868 Graeca
623 835 832 868 concordiam
855 835 928 877 init,
956 839 991 868 et
1008 835 1146 879 ignarae
1170 835 1290 868 mentis
1313 834 1540 879 asperitatem,

99 875 243 920 ἄσπρον
271 878 366 923 qnasi
396 889 555 923 asperum
588 880 632 914 ab
661 881 791 925 asperis
828 880 1075 915 characteribus
1098 885 1253 915 monetae
1274 879 1392 914 inustis
1415 879 1540 914 dictum

100 923 329 958 contendentis
341 949 352 966 ,
374 923 496 967 arguit.

208 984 246 1022 p.
260 972 311 1012 21
326 983 360 1010 v.
373 974 410 1012 2.
439 969 680 1022 συβαλταρέα
696 972 896 1012 subalterna
906 1002 918 1021 ,
945 973 1146 1012 alternatim
1156 1003 1167 1020 ‚
1196 971 1289 1011 alter
1304 971 1374 1010 sub
1402 971 1539 1018 alter03

100 1038 171 1065 vox
186 1026 388 1065 evaatino
410 1026 588 1065 vocabulo
608 1028 766 1066 detorta.

189 1080 363 1125 Corrupta
391 1091 460 1114 vox
492 1077 568 1114 ἀπὸ
598 1081 667 1114 τοῦ
704 1080 898 1127 συμβάλλω
929 1081 1127 1123 committo,
1164 1081 1335 1126 coniunge
1398 1080 1535 1114 commi-

98 1136 184 1159 κω.
235 1125 353 1159 calami
382 1136 463 1169 ergo
498 1125 690 1159 baculorum
720 1138 793 1160 cum
822 1126 955 1171 quidam
987 1127 1118 1160 tortiles
1161 1131 1297 1170 essent,
1340 1104 1536 1168 ἐντετυλιγ-

98 1169 203 1214 μένοι
224 1165 288 1204 διὰ
309 1169 606 1215 σχοινοπλοκίου,
639 1171 723 1205 adeo
755 1178 792 1206 ut
828 1172 952 1206 funium
985 1183 1070 1216 opus
1099 1171 1325 1213 imitarentur,
1357 1170 1414 1203 alii
1446 1172 1540 1203 λεῖοι

98 1216 235 1257 laeves,
262 1215 368 1249 ultimi
397 1216 530 1249 tandem
560 1215 843 1261 συμβαλλόμενοι
876 1229 918 1250 ex
953 1218 1103 1262 partibus
1126 1217 1169 1251 ad
1191 1217 1333 1250 invicem
1358 1214 1542 1249 commissis

99 1266 136 1294 et
158 1265 343 1295 storeamm
366 1272 458 1295 more
480 1261 580 1294 textis
603 1262 776 1306 compositi
798 1260 1056 1308 συβαλταρὲοι,
1079 1263 1183 1298 tissns
1206 1274 1248 1296 en
1270 1265 1388 1301 παίει,
1412 1270 1540 1293 nuncu-

98 1310 232 1350 pantur,
254 1305 313 1350 qui
333 1306 454 1340 elarius
479 1306 728 1351 συμβαλλωτοί
734 1321 745 1351 3
770 1319 856 1352 quae
878 1319 945 1342 vox
968 1319 1058 1342 mere
1080 1309 1217 1341 Graeca
1239 1317 1311 1340 cum
1334 1306 1540 1340 subalternis

98 1351 155 1384 vel
175 1351 374 1386 alternatim
393 1362 458 1385 uno
481 1351 638 1386 videlicet
659 1353 721 1386 sub
743 1354 856 1388 altero
876 1353 996 1398 positIs
1027 1353 1148 1387 nullam
1178 1364 1221 1386 ex
1251 1350 1446 1398 proposito,
1479 1350 1538 1384 sed

98 1396 270 1430 fortuitam
292 1396 490 1430 affinitatem
513 1401 614 1430 nacta
636 1401 701 1431 est.

207 1445 258 1481 ib.
285 1456 319 1481 v.
341 1446 379 1484 7.
407 1457 475 1493 pro
495 1443 613 1495 μέγας
640 1445 755 1481 codex
781 1443 913 1482 Boicus
937 1446 1106 1496 μαῦρος,
1136 1444 1237 1492 quod
1267 1442 1417 1480 Graecis
1443 1453 1542 1478 nunc

98 1502 157 1536 eet
174 1502 327 1550 nigrum.
356 1499 440 1536 hinc
467 1498 608 1536 Pontus
633 1499 796 1536 Euxinus
823 1500 1028 1551 appellatur
1054 1498 1371 1546 Maurothalassa,
1399 1499 1542 1546 nigrum

99 1552 214 1604 mare,
242 1554 457 1592 Germanice
474 1555 540 1591 das
552 1554 726 1592 schwarze
739 1567 835 1592 τηεογ.

208 1611 258 1649 ib.
285 1621 319 1646 v.
343 1614 405 1650 12.
429 1622 497 1659 pro
514 1605 776 1661 χρυσόλευκον
795 1610 875 1647 cod.
895 1609 1035 1653 ,Boicus
1065 1604 1335 1662 χρυσάσπρονε
1363 1610 1421 1644 est
1443 1607 1540 1644 enim

99 1677 196 1702 nunc
218 1665 368 1702 Graecis
397 1662 550 1718 ἅσπρον
577 1664 718 1714 album,
747 1669 786 1702 et
810 1668 911 1717 aspri
935 1665 1072 1702 nummi
1099 1677 1238 1715 genus,
1266 1667 1306 1701 et
1339 1659 1540 1715 ἇσπρίζειν

98 1721 271 1759 dealbare.

206 1778 254 1814 ib.
279 1788 313 1813 v.
342 1776 404 1816 18.
450 1774 563 1812 habes
586 1774 644 1812 hic
674 1770 856 1827 βλᾶτιον,
887 1776 949 1814 ubi
981 1776 1174 1814 manifeste
1197 1775 1348 1827 ponitur
1373 1787 1441 1825 pro
1463 1773 1539 1812 lato

95 1831 218 1884 spatio
236 1844 301 1869 seu
315 1845 383 1883 pro
401 1830 594 1868 latitudine
614 1831 808 1868 scaranici:
842 1832 907 1870 das
929 1833 1052 1882 breite,
1076 1828 1120 1871 τό
1145 1829 1270 1871 πλατύ
1297 1832 1371 1870 τοῦ
1396 1843 1540 1880 σκαρα-

97 1890 225 1928 νίκου.
251 1888 382 1924 ibidem
412 1886 495 1936 lego
527 1883 884 1938 χρυσοκλαβαρικόν
912 1888 1192 1935 auriclavatum,
1221 1898 1297 1923 non
1326 1889 1542 1938 χρυσοκλα-

98 1941 282 1994 ὄᾰρικον,
306 1948 347 1980 ut
365 1943 476 1980 habet
493 1943 637 1991 Iunius,
672 1944 733 1991 qui
754 1957 835 1980 cnm
864 1957 967 1981 aureo
980 1957 1076 1980 ramo
1098 1956 1164 1980 seu
1189 1943 1385 1980 ramusculo
1400 1955 1542 1992 cumque

89 2001 198 2050 pictis
211 1999 375 2036 helicibus
392 1999 537 2036 mirifice
560 2011 600 2035 se
615 1999 783 2036 oblectat.
812 2000 947 2036 ibidem
969 1999 1072 2049 lego:
1111 1997 1178 2038 ἐπὶ
1205 1994 1362 2051 θρόνου
1391 2000 1540 2049 χρυσοῦ

98 2050 318 2106 ἅναβατοῦ,
345 2057 384 2092 in
398 2055 514 2091 throno
530 2067 635 2092 aureo
648 2055 806 2103 sublimi,
832 2058 870 2092 in
889 2068 986 2106 quem
1010 2068 1074 2106 per
1100 2055 1235 2105 aliquos
1260 2054 1395 2103 gradus
1420 2067 1541 2092 ascen-

97 2110 205 2147 ditur.
233 2109 396 2146 lectionis
415 2109 586 2159 vulgatae
614 2115 725 2161 aptus
748 2123 877 2148 sensus
905 2111 1009 2148 reddi
1029 2111 1169 2159 nequit.

188 2172 234 2205 ib.
256 2183 292 2205 v.
313 2174 371 2208 20.
417 2172 661 2206 substantivum
684 2170 874 2219 α’νοὶβατον
890 2177 1096 2218 sementum
1119 2177 1193 2217 est,
1228 2172 1317 2217 quod
1341 2183 1382 2206 eo
1402 2175 1539 2216 turgeat

98 2216 238 2250 infletur
260 2220 294 2249 et
316 2217 475 2250 ascendat
496 2227 618 2253 massa.
665 2217 742 2252 hinc
771 2229 908 2262 azyma,
946 2219 1103 2253 sacrificii
1133 2219 1200 2252 ritu
1233 2218 1354 2252 Latino
1378 2217 1538 2251 celebrati

98 2261 286 2314 materiam,
325 2260 599 2315 λειπανιίβατα,
640 2262 760 2306 quibus
792 2264 988 2298 sementum
1025 2265 1138 2306 deest,
1172 2263 1368 2296 vocitavere
1396 2263 1536 2295 Graeci.

98 2307 298 2340 adiectu-um
321 2306 507 2350 αναβατος
527 2307 648 2339 throno
672 2318 834 2343 annexum
855 2310 1028 2344 scansilem
1051 2321 1125 2344 eum
1152 2315 1188 2342 et
1210 2309 1395 2348 elevatum,
1427 2314 1467 2340 ut
1498 2303 1538 2340 ἐν

98 2349 299 2395 προκύψει,
323 2350 366 2384 de
390 2362 454 2394 qua
478 2363 538 2384 nos
561 2351 663 2394 alibi,
683 2352 896 2391 demonstrat.

209 2422 244 2458 p.
265 2411 319 2448 22
347 2421 381 2446 v.
400 2408 436 2448 5.
477 2406 707 2460 ἔπιλῶρικον
733 2424 798 2448 seu
826 2404 1078 2464 ἐπὶιλούρικον
1102 2415 1140 2447 et
1163 2408 1440 2461 ἐπιλουρίκιον.
1467 2411 1540 2447 viri

99 2464 212 2509 docti,
252 2464 371 2511 inquit
403 2464 649 2513 Glossarium,
683 2466 721 2502 id
751 2470 808 2503 est
843 2467 990 2516 Iunius,
1027 2469 1295 2516 interpretantur
1316 2468 1535 2513 praetextam

97 2523 261 2557 vittatam
278 2520 373 2557 loris.
399 2533 464 2557 non
480 2521 663 2565 debebant3
691 2522 778 2559 nihil
796 2525 882 2561 enim
897 2524 998 2562 aliud
1017 2526 1066 2559 est
1086 2534 1188 2571 quam
1212 2519 1372 2568 superata
1401 2519 1536 2557 thoraci

97 2575 300 2624 superindui
322 2575 437 2612 solita.
480 2576 622 2612 notavit
654 2575 750 2613 hunc
779 2580 935 2615 eundem
964 2589 1121 2615 errorem
1152 2575 1245 2611 Iunii
1268 2578 1355 2611 ante
1383 2574 1534 2612 Glossa—

97 2631 190 2667 rium
212 2630 573 2668 Graeco-Barbarum
600 2630 781 2679 Rigaltius
811 2634 849 2671 in
870 2647 938 2671 suo
967 2632 1155 2669 Glossario
1175 2630 1211 2667 T
1213 2630 1327 2666 actico
1354 2630 1532 2667 mixobar-

98 2682 197 2722 bar‘o.
225 2691 263 2722 et
283 2687 463 2734 quamvis,
492 2688 524 2723 si
547 2686 696 2723 verbum
718 2688 828 2725 verbo
850 2690 938 2726 velis
965 2688 1138 2734 reddere,
1168 2686 1290 2735 potius
1314 2685 1364 2721 sit
1380 2687 1533 2737 superlo-

98 2742 285 2791 ricarium,
313 2742 382 2780 hoc
405 2746 462 2780 est
481 2754 526 2782 ea
544 2743 655 2780 vestis
675 2754 769 2792 quae
793 2756 903 2795 super
922 2745 1068 2783 loricam
1095 2741 1257 2780 induitur
1270 2768 1283 2791 ,
1311 2753 1394 2778 cum
1413 2739 1532 2794 λώρι-
