1864 3164
287 194 384 241 292
485 194 760 238 GRETSERI
786 195 858 237 ET
883 193 1054 238 GOARI
1079 193 1515 238 COMMENTARIUS

286 305 407 354 inquit
435 303 613 343 Zonaras.
669 304 775 342 addit
802 307 972 354 etymon,
1013 303 1136 342 nescio
1166 314 1278 354 quam
1303 314 1405 342 vere:
1451 297 1585 354 τύφου
1615 298 1725 355 οἶμαι

286 357 572 413 ὠνομασμένην
602 360 655 408 [ὃς
673 362 927 410 τετυφῶσθαι
946 363 1141 401 ποιοῦσαν
1158 357 1254 407 τούς
1272 356 1394 414 ταύτῃ
1414 353 1724 410 ἆναδουμὲνους.

286 429 382 466 quae
399 422 457 455 est
475 418 591 467 magis
611 418 671 468 pia
690 428 800 465 quam
818 429 905 455 vera
923 417 1128 468 originatio.
1184 416 1375 454 Cedrenus
1405 416 1452 453 de
1479 416 1610 454 eodem
1630 416 1726 454 eius-

286 475 371 511 dem
396 474 522 511 Basilii
555 473 762 525 triumpho:
806 469 989 528 στεφάνῳ
1019 475 1150 527 χρυσῷ
1179 468 1303 520 λόφον
1339 466 1568 523 ἐφύπερθεν
1601 470 1728 523 ἔχοντι

285 529 578 583 ἐθριάμβευσεν
597 529 932 581 ἐστεφανωμένος.
988 529 1138 567 cristata
1156 528 1323 566 nimirum
1342 539 1477 565 corona
1496 530 1648 579 propter
1672 532 1728 566 tu·

282 587 392 638 pluam
419 599 485 624 seu
506 586 749 637 flammulam,
779 598 853 636 qua
870 586 1157 636 insigniebatur,
1187 596 1297 634 quam
1324 584 1518 621 Cedrenus
1543 587 1652 624 vocat
1669 578 1729 626 26-

287 658 390 694 φον,
420 643 468 680 ob
489 654 600 691 quam
619 643 751 693 vulgus
772 643 902 681 tiaram
919 643 1028 680 istam
1046 643 1174 694 tuphae
1190 641 1338 679 nomine
1360 640 1494 678 affecit.

378 729 412 763 p.
425 717 469 751 51
485 728 519 751 v.
537 717 573 753 5.
594 715 770 762 σταυρόν]
794 716 859 751 duo
882 719 960 751 sunt
986 716 1196 762 imperatorie
1223 718 1372 761 sceptra,
1392 709 1550 758 σταυρὸς
1563 709 1626 748 καὶ
1641 708 1729 756 νάρ-

285 762 377 806 θηξ,
400 774 481 796 crux
506 767 539 797 et
556 763 688 806 ferula.
713 763 756 796 de
771 763 891 808 quibus
915 763 1065 808 Symeon
1078 762 1339 797 Thessalonicae
1361 760 1552 806 episeopus:
1578 754 1668 804 μετὰ
1686 753 1730 793 τὸ

285 808 413 854 λαβεῖν
435 805 501 842 τὸν
525 804 686 848 σταυρὸν
709 806 761 848 εἰς
782 809 912 853 δεῖγμα
945 809 1010 853 τῆς
1031 804 1230 854 εὐσεβείας,
1256 805 1321 841 καὶ
1341 803 1410 852 τὴν
1430 802 1610 849 ἀκακίαν,
1639 799 1729 848 ὅπερ

285 855 371 899 χοῦς
394 849 491 888 ἐστὶν
522 852 709 897 σημαίνων
731 850 774 888 τὸ
798 851 975 898 φθαρτὸν
996 853 1062 909 τῆς
1082 849 1197 898 ἀρχῆς
1218 850 1282 887 καὶ
1303 849 1371 897 τήν
1394 847 1435 886 ἔκ
1458 847 1591 886 τούτου
1606 849 1730 904 ταξείς

285 910 419 942 νωσιν,
443 897 508 933 καὶ
533 896 586 933 ἔτι
609 895 750 945 ῥάβδον
781 897 977 946 λαμβάνει,
1003 911 1047 933 ου
1081 896 1236 945 βαρεῖαν
1260 910 1344 932 τινα
1366 895 1430 932 καὶ
1451 892 1632 940 σκληροξν,
1655 894 1722 928 αλλ.

286 941 454 989 ἐλαφρὰν
475 942 538 978 καὶ
559 942 748 989 μαλακήν,
781 941 844 978 διὰ
867 941 910 979 τὸ
934 941 1171 979 παιδευτικὸν
1201 939 1240 978 ἐν
1267 940 1450 987 πραότητι
1477 941 1540 976 καὶ
1563 937 1613 986 μή
1635 936 1732 984 ὄργι-

286 986 354 1024 λόν
375 988 439 1024 καὶ
459 987 694 1034 φθαρτικόν,
716 987 809 1034 μηδὲ
832 990 1028 1036 συντρῖβον
1052 987 1114 1024 καὶ
1136 986 1329 1032 &vervicem
1361 987 1439 1022 illud
1462 997 1571 1032 'porro
1603 985 1731 1026 mirum,

286 1035 433 1079 ligneum
456 1039 585 1069 tantum
607 1040 783 1080 utrumque
806 1035 866 1069 ΟΡ
895 1036 1131 1080 imperatorum
1163 1034 1274 1075 fuisse>
1296 1038 1477 1079 sceptrum.
1509 1032 1553 1066 de
1572 1030 1734 1066 nar-thece

286 1093 344 1116 res
365 1086 419 1115 eet
440 1080 596 1115 indubia:
621 1081 712 1116 cruci
735 1082 866 1126 ligneae
889 1080 1022 1125 effigies
1043 1080 1209 1115 Mmuelis
1241 1091 1314 1114 eam
1337 1090 1434 1114 manu
1456 1077 1620 1122 gestanti·
1641 1079 1734 1128 atte-

285 1131 396 1162 statur
417 1126 452 1160 in
475 1125 742 1171 Sandionysiaoo
765 1130 801 1160 et
822 1126 931 1170 Regio
962 1137 1031 1168 me,
1061 1126 1096 1160 in
1118 1137 1159 1159 eo
1182 1125 1345 1170 siquidem
1366 1123 1475 1159 crucis
1496 1123 1595 1168 virga
1616 1122 1734 1156 citrino

288 1176 414 1206 tantum
445 1171 560 1205 colore
589 1171 701 1217 picta,
735 1183 818 1206 crux
850 1175 960 1206 autem
982 1171 1015 1205 in
1045 1175 1193 1206 extremo
1222 1171 1294 1205 fixa
1315 1181 1395 1204 auro
1417 1169 1500 1204 fieta
1517 1166 1734 1214 eonspicitur.

287 1216 494 1261 eandemque
523 1222 641 1251 auctor
679 1217 880 1252 clarioribus
911 1217 1001 1250 omni
1028 1217 1142 1251 colore
1172 1216 1285 1251 verbis
1317 1213 1481 1260 depingit,
1503 1213 1561 1248 ubi
1582 1210 1737 1258 superius

286 1262 331 1296 de
362 1261 541 1307 primicerii
570 1262 691 1296 baculo
721 1274 751 1296 o.
785 1262 809 1297 4
841 1274 875 1308 p.
908 1263 951 1297 19
973 1273 1006 1296 v,
1033 1263 1085 1299 16.
1127 1261 1192 1296 ait:
1232 1260 1439 1295 δικανίκιον
1476 1255 1593 1294 αὐτοῦ
1626 1255 1737 1302 ξύλον

285 1305 572 1352 κεχρυσωμένον,
601 1305 684 1342 οἷον
704 1304 748 1342 τὸ
770 1308 838 1342 τοῦ
861 1303 1045 1354 βασιλέως.
1075 1306 1280 1342 δικανίκιον
1301 1306 1401 1341 etiam
1423 1309 1592 1340 vocatum.

399 1378 445 1416 ib.
464 1389 499 1415 v.
519 1378 556 1418 6.
586 1377 633 1414 de
650 1377 765 1415 blatio
782 1378 855 1416 iam
873 1390 987 1428 supra
1005 1377 1160 1416 diximus
1179 1377 1203 1416 l.
1223 1381 1250 1419 2
1269 1390 1299 1416 c.
1318 1375 1344 1417 5
1363 1376 1413 1415 ad
1431 1389 1469 1428 p.
1490 1376 1543 1416 18
1559 1386 1596 1413 v.
1618 1375 1680 1415 17.

379 1451 467 1486 ibid.
514 1447 644 1485 κώδικι
675 1446 796 1492 ἐοικὸς
828 1447 1024 1495 δεδεμένον
1052 1448 1143 1495 μετὰ
1169 1450 1400 1497 μανδυλίου.]
1432 1450 1643 1485 Graecorum
1672 1447 1735 1482 im-

288 1502 482 1544 peratorum
506 1497 652 1540 effigiem
673 1496 795 1542 pictam
818 1497 852 1530 ni
878 1497 986 1531 lector
1012 1496 1156 1540 viderit,
1182 1498 1241 1531 vix
1272 1497 1357 1531 haec
1386 1495 1561 1543 percipiat.
1593 1494 1642 1528 illi
1662 1494 1737 1529 lon-

289 1544 419 1589 giorem
443 1542 580 1577 fasciam
602 1542 791 1586 margaritis
812 1547 965 1576 ornatam
993 1542 1089 1576 velut
1110 1542 1282 1577 humerale
1308 1543 1351 1576 ab
1373 1541 1520 1577 humeris
1537 1543 1630 1575 retro
1653 1549 1738 1584 pen-

289 1590 424 1623 dentem
446 1599 468 1622 a
489 1588 610 1622 dextro
639 1587 746 1622 latere
766 1592 844 1622 ante
873 1592 992 1633 pectus
1023 1587 1190 1632 recipiunt
1225 1591 1261 1622 et
1286 1588 1422 1622 sinistro
1450 1585 1588 1621 brachio
1617 1596 1739 1630 nuper-

290 1639 442 1680 ponunt;
476 1645 518 1668 ea
538 1644 620 1667 vero
644 1637 740 1678 parte
763 1644 829 1677 qua
851 1644 981 1668 manum
1003 1633 1157 1677 attingit,
1185 1633 1378 1667 adiunctum
1400 1636 1437 1667 et
1466 1635 1616 1667 assutum
1635 1631 1740 1665 habet

290 1679 469 1714 rotundum
494 1679 683 1720 sacculum,
705 1676 833 1712 κώδικι
855 1674 992 1723 ἐοικός,
1013 1678 1223 1713 involucrum
1244 1677 1396 1713 nimirum
1421 1676 1579 1711 volumini
1600 1675 1740 1721 eompli-

291 1730 368 1759 cato
392 1725 465 1758 sive
486 1724 770 1770 potius-involuto
795 1724 922 1765 simile,
943 1723 1031 1769 quod
1055 1726 1110 1758 est
1129 1725 1208 1758 illud
1233 1721 1381 1770 βλάτιον
1400 1719 1484 1768 ἔχον
1505 1722 1607 1767 χῶμα
1634 1716 1741 1760 ἐντός

290 1769 356 1804 καὶ
378 1771 543 1804 καλεῖται
563 1766 712 1803 α’κακία.
735 1769 842 1803 fascia
865 1781 948 1803 vero
971 1780 1032 1803 ceu
1053 1768 1254 1813 μανδύλιον
1267 1794 1278 1813 ,
1296 1769 1431 1804 linteum
1447 1767 1624 1812 oblongius
1637 1777 1740 1801 mun-

291 1817 355 1850 tile
385 1815 511 1848 dictum
537 1815 704 1858 referens,
735 1814 811 1859 ipsa
832 1825 966 1859 quoque
991 1814 1195 1859 μανδυλίου
1216 1814 1357 1850 sortitur
1380 1813 1649 1860 appellationem.
1671 1821 1739 1856 quo

291 1862 474 1895 observato
498 1859 638 1904 visaque
658 1860 872 1906 imperatoris
894 1861 1024 1905 figura,
1046 1860 1124 1906 quid
1141 1861 1186 1894 eit
1205 1860 1439 1906 imperatorem
1455 1855 1495 1894 ἐν
1507 1859 1553 1904 τῇ
1566 1854 1739 1903 ἀριστερᾷ

292 1903 419 1984 φέρεὲν
451 1903 603 1951 βλάειον
628 1903 759 1941 nobem
791 1901 913 1947 ἐοικὸς
941 1903 1032 1952 μετὰ
1060 1905 1264 1952 μανδυλίου
1297 1903 1510 1951 δεδεμένον,
1539 1902 1738 1948 relinquitur

288 1950 379 1985 mani
395 1954 516 1985 estum.

332 2037 340 2042 .
381 2006 428 2040 ib.
452 2017 487 2039 v.
510 2007 545 2041 7.
568 2002 671 2040 κόνιν
692 2002 814 2050 ἅμμον
837 2009 873 2041 et
892 2006 995 2052 χῶμα
1015 2006 1225 2051 distinguunt
1246 2017 1288 2040 ex
1311 2005 1433 2039 iudicio
1447 2003 1617 2039 hodierni=
1635 2000 1739 2043 κόνις

289 2051 406 2096 pulvis
429 2054 505 2091 est,
526 2047 645 2094 ἅμμος
676 2062 804 2095 arena,
836 2052 938 2096 χῶμα
963 2057 1059 2086 terra
1075 2052 1259 2096 frugifera
1291 2051 1373 2086 eatis
1405 2054 1441 2084 et
1462 2049 1584 2095 planti:
1607 2048 1735 2083 idonea.

292 2096 417 2130 Suidas
437 2096 558 2141 χῶμα,
582 2096 683 2140 χοῦν.
718 2096 794 2129 hino
815 2097 878 2130 tibi
901 2099 1016 2130 Annae
1038 2097 1228 2131 Comnenae
1252 2096 1273 2129 l.
1298 2097 1321 2131 2
1345 2096 1505 2130 obscurus
1525 2094 1736 2129 locuelueem

290 2141 427 2186 accipit.
462 2146 640 2174 extraneos
667 2141 788 2175 milites
819 2152 840 2174 a
861 2141 1056 2186 terrigenis,
1087 2142 1162 2175 eive
1185 2141 1301 2175 melius
1330 2141 1435 2184 dicas,
1466 2140 1672 2184 alienigenas
1693 2139 1737 2174 ab

291 2185 457 2231 indigenis
486 2185 669 2230 distinguit.
692 2185 767 2220 illos
790 2180 978 2230 ἑταίρους,
1001 2188 1064 2221 hoe
1085 2186 1240 2232 indigitat
1262 2183 1420 2226 ὁπόσους
1450 2182 1491 2221 ἐκ
1518 2187 1587 2220 τοῦ
1615 2182 1738 2230 χώμα-

289 2243 376 2275 τος,
407 2236 569 2277 quotquot
598 2235 678 2266 eunt
709 2243 728 2266 e
754 2233 897 2276 propria
925 2237 1019 2267 terra
1051 2234 1139 2267 nati.
1173 2233 1196 2266 l.
1227 2233 1251 2268 3
1282 2231 1336 2266 hic
1366 2232 1450 2266 alius
1472 2231 1668 2266 inu-tratur:
1693 2225 1738 2264 οὔ

290 2277 440 2317 πλείους
471 2275 689 2319 τριακοσίων
723 2277 951 2320 στρατιωτῶν
986 2272 1102 2323 ἦσαν,
1132 2276 1196 2312 καὶ
1223 2275 1364 2312 τούτων
1394 2273 1434 2312 ἐκ
1465 2277 1533 2312 τοῦ
1558 2273 1736 2322 χώματος.

293 2333 383 2403 :fliz
406 2322 674 2413 {lassvss’ssssssfflff
693 2321 1632 2413 0¹:3¹3b55ml‘2fflzffsssszztfflffinffff‘{212332223‘·
1656 2320 1737 2366 ‘¹⁰³⁶

404 2427 489 2465 ibid.
529 2426 650 2465 acacia
664 2425 753 2476 quid
771 2426 841 2475 sit,
864 2427 977 2465 oculis
995 2429 1129 2466 intueri
1149 2428 1233 2466 licet
1247 2429 1285 2465 in
1304 2427 1521 2478 imaginibus
1539 2417 1737 2477 imperato-

294 2495 375 2521 rum
386 2483 554 2533 praefixis
566 2482 775 2534 Nicephoro
786 2482 989 2533 Gregorae,
1010 2485 1094 2522 etin
1105 2498 1253 2523 nummo
1263 2484 1464 2523 Theodosii
1474 2482 1616 2533 Magni,
1626 2494 1737 2532 quem

291 2538 407 2576 habes
427 2543 515 2577 tom.
530 2542 556 2581 3
576 2539 623 2577 de
645 2539 683 2576 S.
707 2539 825 2576 Cruee
839 2537 861 2576 l.
887 2543 905 2579 1
921 2566 934 2589 ‚
963 2542 1109 2578 tametsi
1133 2542 1315 2579 Baronius
1344 2541 1527 2579 existimat
1544 2543 1736 2589 gestamen

291 2594 382 2633 illud
403 2594 606 2633 Theodosii
636 2595 765 2645 Magni
796 2607 878 2632 esse
904 2607 1047 2634 sacrum
1080 2598 1350 2649 evangeliorum
1376 2597 1547 2634 codicem.
1600 2594 1736 2631 ibidem

292 2663 361 2701 pro
381 2652 502 2689 acacia
519 2652 731 2702 suspicabar
749 2650 945 2701 legendum
966 2648 1079 2692 uinta:
1109 2655 1177 2692 sed
1210 2654 1361 2704 vulgata
1391 2653 1572 2704 scn'ptura
1588 2650 1737 2688 retineri

292 2710 441 2756 potest,
466 2708 538 2745 imo
556 2708 678 2747 debet.
735 2712 774 2745 et
793 2711 851 2747 est
869 2709 991 2746 acacia
1020 2711 1213 2748 innocentia
1247 2715 1286 2748 et
1316 2709 1470 2747 Aeacius
1502 2706 1739 2746 Innocentius.

293 2763 518 2812 mandylium
537 2776 624 2802 suos
649 2763 790 2802 natales
809 2763 920 2802 etiam
940 2766 1084 2802 nemine
1103 2768 1325 2804 admonente
1343 2764 1479 2817 prodit.

404 2822 640 2875 Imperatoris
665 2826 794 2865 itidem
811 2825 971 2878 insignia
998 2831 1104 2866 erant
1127 2839 1307 2880 purpurea
1329 2824 1491 2875 πέδιλα,
1520 2834 1616 2874 quae
1643 2834 1741 2861 nunc
