1820 3178
538 167 598 214 IN
622 170 820 241 comm
852 172 966 219 CAP.
994 172 1031 217 1.
1463 177 1558 223 165

115 280 216 317 recte
241 274 434 316 intellectis
465 277 638 317 iudicium
665 279 786 318 facere
817 279 940 322 licebit
965 283 1015 322 de
1044 283 1350 337 interpretatione
1376 282 1556 324 Bonefidii

115 338 157 372 et
178 339 421 373 correctorum
444 334 532 372 eius.
562 337 835 387 promotionum
867 352 934 392 per
962 339 1116 392 pittacia
1145 341 1307 379 meminit
1338 342 1449 380 etiam
1468 341 1556 382 Bal-

113 401 246 437 samon
260 389 309 427 ad
331 392 376 430 17
396 402 574 428 monem
592 392 856 442 apostolorum.

222 443 324 492 Quia
345 456 434 483 vero
463 446 503 484 in
519 446 576 484 his
603 447 730 485 officiis
755 449 1006 488 ecclesiasticis
1037 448 1155 489 multa
1181 454 1378 490 occurrunt
1403 463 1555 504 compo-

110 499 186 539 sita
199 513 253 540 ex
280 500 465 540 vocabulis
485 497 588 555 ἀρχή
617 509 656 542 et
684 501 834 556 ἅρχων,
861 505 1000 554 aliquid
1035 519 1150 558 super
1182 506 1239 545 his
1273 511 1406 546 notare
1439 508 1556 559 lubet,

111 560 199 595 ante
217 556 340 596 omnia
356 556 447 596 illud
462 559 565 607 quod
583 557 779 611 dupliciter
795 573 878 599 cum
898 561 978 599 aliis
999 562 1231 612 coalescant,
1259 563 1379 613 primo
1403 564 1555 614 quidem

109 612 215 650 initio
234 613 357 664 vocis,
384 618 429 652 ut
453 610 776 667 ἆρχιεπίσκοπος,
807 614 1068 670 ἆρχιποίμην,
1108 619 1397 668 archidiaconus,
1432 621 1553 660 archi-

109 671 308 719 strategus,
345 669 539 718 archidux,
574 671 858 724 architriclinus,
905 674 1127 724 archiatrus,
1164 675 1395 724 architectus,
1429 677 1554 715 archi-

102 725 303 776 presbyter,
325 726 493 764 secirndo
519 726 558 764 in
583 726 657 765 fine
680 728 802 778 vocis,
829 732 872 766 ut
892 730 1126 780 patriarcha,
1159 731 1407 777 ecclesiarcha,
1443 746 1552 770 cano-

107 779 266 828 narcha,
296 782 504 830 marcha,
538 783 728 833 toparcha,
767 785 964 834 tetrarcha,
993 785 1201 831 ethnan-cha,
1232 787 1435 825 hierarcha.
1464 788 1552 826 inde

107 835 220 874 etiam
234 839 294 874 cst
316 835 495 889 ἔξαρχος,
518 836 681 891 ἔπαρχος
697 843 736 879 et
754 839 794 879 id
824 853 942 891 genus
962 841 1055 892 alia,
1083 846 1161 881 tam
1189 842 1228 880 in
1261 842 1416 882 ecclesia
1438 855 1551 893 quam

107 895 212 930 extra
237 897 417 945 usurpata
448 897 488 931 et
511 894 661 933 usitata.

83 986 86 987 γ
217 948 544 988 Haereticinostri
571 950 768 1001 temporis,
794 954 839 988 ut
854 951 949 1002 alia,
975 952 1030 991 ita
1053 956 1092 990 et
1107 951 1192 1005 ipsa
1221 953 1342 1004 prisca
1367 953 1548 992 vocabula
1570 954 1599 990 P
1625 955 1690 990 181

105 1003 357 1055 sustulerunt,
383 1006 615 1058 potissimum
633 1006 696 1045 illa
721 1019 817 1056 quae
835 1020 880 1045 ex
904 1003 1001 1061 ἀρχή
1022 1012 1061 1046 et
1080 1006 1211 1059 ἅρχων
1234 1014 1438 1059 compacta.
1467 1011 1552 1048 hinc

104 1059 352 1111 archiepiscopi
377 1074 512 1100 nomen
537 1062 804 1113 exterminant,
828 1068 872 1101 ut
894 1068 934 1101 et
958 1065 1212 1116 patriarchae,
1240 1065 1485 1104 archidiaconi
1512 1070 1552 1104 et

105 1115 145 1152 id
161 1127 280 1165 genus
301 1116 393 1166 alia,
419 1121 600 1167 tanquam
617 1120 763 1170 superba
777 1119 945 1170 fastuosa
965 1124 999 1157 et
1015 1122 1238 1171 simplicitati
1255 1123 1467 1171 apostolicae
1483 1122 1553 1160 ad-

104 1174 308 1220 versantia,
344 1175 470 1225 quippe
496 1187 585 1225 quae
616 1176 798 1226 inperium
833 1179 866 1213 ct
890 1179 1095 1226 potestatem
1126 1178 1164 1215 in
1198 1177 1353 1215 subditos
1379 1178 1553 1227 dmotent,

105 1239 176 1278 non
193 1230 344 1278 priam
364 1230 403 1267 in
429 1229 552 1281 aliqum
570 1229 758 1281 sanctiam
781 1244 842 1269 seu
863 1234 1073 1279 mitti-sterio,
1100 1245 1162 1271 seu
1186 1234 1339 1283 pn'mum
1368 1233 1486 1271 ordine
1512 1236 1552 1272 in

103 1282 226 1334 aliquo
249 1288 368 1333 coetu,
395 1286 523 1336 absque
550 1289 666 1324 tamen
689 1289 831 1337 imperio
857 1291 890 1325 et
911 1291 1083 1338 potestate
1110 1290 1152 1325 in
1178 1292 1342 1330 caeteros.
1376 1289 1461 1326 hinc
1479 1289 1550 1338 ipsi

102 1340 271 1388 gaudent
285 1340 499 1392 apostolicis
523 1341 593 1379 illis
616 1346 678 1391 et,
705 1346 748 1380 ut
776 1343 998 1394 loquuntur,
1026 1343 1303 1381 modestissimis
1330 1345 1550 1397 appellatio-

104 1394 214 1433 nibus
249 1396 542 1449 πρεσβυτέρων,
579 1397 799 1448 ποιμένων,
839 1396 1084 1446 ἐπισκόπων,
1120 1402 1375 1452 λειτουργῶν,
1417 1398 1552 1440 διακό-

105 1464 207 1500 νων,
235 1448 407 1494 δούλων.
443 1466 571 1491 verum
589 1454 738 1492 nomina
763 1455 854 1492 haec
881 1467 962 1492 esse
985 1455 1179 1493 retinenda
1206 1455 1268 1491 ubi
1294 1455 1472 1493 hactenus
1497 1457 1553 1492 vi-

103 1512 285 1558 guerunt,
311 1512 350 1546 et
381 1509 588 1548 revocanda
619 1510 682 1546 ubi
707 1510 962 1558 exoleverunt,
999 1511 1081 1547 fuse
1107 1511 1337 1548 demonstrat
1364 1510 1551 1549 Adrianus

106 1563 261 1601 Saravia
276 1564 500 1614 Calvinista,
528 1565 566 1601 in
591 1564 684 1603 libro
704 1578 815 1614 quem
843 1566 891 1602 de
920 1566 1072 1603 diversis
1097 1566 1274 1614 gradibus
1303 1566 1553 1605 ministrorum

105 1619 397 1668 evangelicorum
414 1620 602 1668 evulgavit
620 1633 650 1658 c.
672 1620 748 1669 25,
771 1621 824 1658 sic
844 1625 968 1658 tamen
993 1626 1037 1658 ut
1064 1621 1121 1658 his
1143 1621 1452 1670 appellationibus
1468 1623 1553 1660 nul-

105 1673 183 1711 lum
200 1675 239 1712 in
257 1675 347 1713 alios
364 1675 554 1727 imperium
571 1676 804 1726 designetur,
835 1677 902 1714 sed
917 1676 998 1713 sola
1014 1677 1151 1714 ordinis
1170 1677 1331 1726 dignitas
1361 1682 1399 1715 et
1432 1682 1474 1715 ut
1498 1679 1553 1716 sic

106 1730 249 1779 dicam,
268 1733 430 1782 primitas
445 1732 513 1769 seu
529 1728 578 1771 τοὶ
595 1736 776 1784 πρωτεῖα.
804 1732 889 1770 huic
911 1732 1137 1770 Calvinistae
1162 1734 1341 1783 opposuit
1367 1746 1408 1771 se
1427 1734 1553 1772 Calvi-

105 1786 285 1824 nistamm
301 1787 565 1836 antesignanus
581 1787 683 1826 Beza
711 1789 863 1839 proprio
887 1787 981 1825 libro
1006 1789 1182 1826 adversus
1207 1788 1397 1828 Saraviam
1431 1790 1552 1840 publi-

105 1845 214 1891 cato,
234 1843 296 1879 ubi
313 1843 504 1880 contendit
517 1844 666 1881 nomina
689 1843 780 1881 haec
808 1856 959 1894 prorsus
989 1857 1058 1882 non
1085 1857 1156 1882 esse
1181 1844 1383 1892 toleranda,
1409 1847 1477 1883 sed
1505 1859 1552 1885 ex

104 1897 263 1935 ecclesiis
291 1899 526 1950 explodenda
545 1902 725 1948 tanquam
750 1899 977 1950 simplicitati
1002 1901 1229 1949 apostolicae
1260 1915 1414 1951 prorsus
1439 1915 1552 1953 repu-

105 1954 269 2003 gnantia.
324 1955 413 1992 mihi
439 1956 630 1993 conflictus
655 1956 727 1992 iste
745 1956 841 1992 inter
861 1956 930 1994 hos
958 1956 1052 1992 duos
1078 1955 1262 2008 Lapithas
1291 1958 1381 1995 mire
1408 1958 1552 2010 placet:

105 2021 193 2047 nam
210 2010 249 2046 in
275 2010 429 2049 Saravia
459 2011 615 2049 observo
646 2012 867 2050 haereticam
895 2013 1165 2061 arrogantiam,
1194 2025 1291 2060 quae
1317 2027 1398 2051 cum
1429 2015 1554 2052 omnia

106 2066 313 2103 confuderit
335 2071 375 2104 et
394 2067 666 2118 permiscuerit,
689 2080 787 2105 nunc
806 2068 912 2116 quasi
937 2068 1163 2117 poenitentia
1186 2069 1403 2119 duceretur,
1432 2070 1550 2107 hono-

105 2121 206 2158 rifica
214 2121 278 2158 illa
293 2122 523 2171 patriarchae
545 2123 808 2174 archiepiscopi
829 2122 1072 2161 archidiaconi
1092 2128 1131 2161 et
1156 2124 1285 2161 similia
1303 2131 1552 2175 cognomenta

105 2176 223 2214 ambit
247 2177 365 2224 iisque
389 2178 552 2216 decorari
583 2179 718 2229 gestit,
754 2179 810 2216 ita
839 2183 964 2218 tamen
994 2183 1038 2217 ut
1075 2180 1230 2229 antiqua
1261 2182 1412 2218 notione
1444 2182 1552 2229 quasi

106 2235 219 2269 exuta
243 2244 378 2270 novam
403 2233 580 2283 induant,
607 2234 818 2283 nullamque
857 2239 1084 2287 potestatem
1113 2240 1153 2273 et
1182 2235 1322 2274 nullum
1359 2238 1550 2286 imperium

105 2287 324 2337 significent.
362 2288 402 2325 in
426 2288 528 2326 Beza
556 2290 736 2327 autemid
758 2302 846 2340 prae
871 2292 1024 2329 caeteris
1052 2292 1418 2329 animadvertendum
1443 2296 1551 2343 puto,

108 2344 211 2390 quod
236 2355 312 2380 non
339 2343 492 2382 obscure
511 2356 598 2381 suos
627 2345 848 2384 Calvinistas
878 2346 1046 2396 Anglos,
1074 2351 1113 2385 et
1135 2347 1370 2385 Lutheranos
1394 2348 1431 2383 in
1453 2347 1549 2384 Ger-

106 2399 230 2436 mania
250 2403 289 2435 et
305 2399 455 2449 Suecia,
475 2401 714 2451 perstringit,
742 2402 830 2450 quia
855 2402 967 2451 aliqui
995 2403 1138 2441 illorum
1167 2416 1250 2440 sese
1278 2404 1549 2452 archiepiscopos

108 2458 149 2491 et
165 2456 332 2504 primates
349 2458 388 2492 et
407 2455 672 2495 archidiaconos
697 2458 909 2507 nominant,
941 2462 980 2496 et
1004 2460 1058 2496 ita
1081 2460 1192 2496 etiam
1218 2458 1397 2495 nominari
1421 2462 1459 2494 et
1487 2471 1548 2496 sa-

109 2507 219 2549 lutari
240 2510 391 2562 volunt,
419 2510 654 2564 pulchrisque
678 2513 747 2551 sub
774 2514 981 2553 nominibus
1005 2519 1153 2567 turpem
1177 2513 1343 2554 haeresin
1360 2513 1491 2552 celant.
