1832 3178
252 222 318 270 46
660 225 858 270 comm
893 225 1287 270 cURoPALATAE
1329 196 1331 199 ’

203 348 235 383 C
257 340 323 383 καὶ
339 337 365 395 ἦ
384 336 524 395 ἓννάτη
535 371 548 393 ,
575 340 679 396 μετὰ
697 345 776 385 τῶν
796 341 1038 399 τροπαρίων.
1105 343 1164 392 εἰς
1179 339 1313 396 μέντοι
1332 340 1379 385 τὸ
1398 345 1622 385 τελευταῖον
1638 358 1710 397 της

254 407 418 464 ε’ννάτης
439 406 550 463 ὥρας
567 408 786 467 τροπάριον
803 410 905 466 λε’γει
923 408 945 452 ὁ
962 408 1262 467 πρωτοψάλτης
1280 410 1333 453 τὸ
1350 408 1473 462 δόξα,
1511 412 1579 454 καὶ
1595 409 1710 464 ψάλ-

254 481 378 521 λεται.
446 475 531 521 εἶτα
558 480 626 521 καὶ
656 479 702 521 τὸ
733 480 799 521 καὶ
826 482 898 522 νῦν
925 480 993 521 καὶ
1021 479 1094 522 ἀεί.
1162 480 1231 522 καὶ
1259 478 1307 521 οὗ
1334 477 1535 533 ψάλλεται
1553 479 1597 521 ἔκ
1616 480 1709 521 δευ-

250 546 368 602 τέρου
399 546 471 601 μὲν
500 546 546 590 τὸ
573 545 815 603 τροπάριον,
851 546 1161 604 ἀναγινώσκεται
1181 547 1225 590 δὲ
1242 545 1322 589 ὕπὸ
1342 551 1417 590 τοῦ
1435 543 1708 603 κανονάρχου.·

252 614 298 665 ὃς
316 615 383 658 καὶ
401 614 504 669 μετὰ
525 615 570 658 τὸ
589 614 812 672 ἀναγνῶναι
830 616 931 672 λέγει
949 615 1053 659 οὕτω
1073 614 1366 672 “πολυχρόνιον
1384 613 1551 671 ποιήσαι
1569 613 1591 657 ὃ
1610 614 1708 666 θεὸς
1719 620 1741 657 5

253 683 327 738 τὴν
359 683 555 740 κραταιὰν
584 684 651 725 καὶ
680 682 796 740 ἁγίαν
814 685 1022 739 βασιλείαν
1042 689 1118 735 σᾶς
1137 687 1193 734 εἷς
1209 683 1340 726 πολλὰ
1361 682 1460 739 ἕτη”
1497 683 1564 726 καὶ
1589 681 1710 727 πάλιν

252 753 295 793 ἐκ
320 751 456 807 τρίτου
486 749 780 809 “πολυχρόνιον
808 751 974 809 ποιήσαι
1001 751 1022 796 ὅ
1052 752 1153 803 θεὸς
1169 753 1243 807 τὴν
1259 751 1593 809 θεοπρῦβληπτον
1610 749 1708 794 θεό-

254 836 421 863 στεπτον
444 821 510 861 καὶ
534 820 865 878 θεοφροῦρητον,
897 822 1093 879 κραταιὰν
1113 823 1179 863 καὶ
1200 819 1316 876 ἁγίαν
1333 821 1542 875 βασιλείαν
1560 824 1635 873 σᾶς
1653 821 1709 870 εἷς

253 888 384 929 πολλὰ
411 887 510 942 ἕτη”
548 892 615 931 καὶ
644 888 844 945 ψάλλεται
872 890 918 934 τὸ
944 888 1163 949 τροπάριον
1191 884 1336 941 αὖθις,
1371 889 1454 932 ἐπεὶ
1476 887 1523 932 τὸ
1545 892 1617 931 νῦν
1641 889 1710 931 καὶ

251 955 312 998 ἀεὶ
337 956 581 1013 προερρέθη.
1719 960 1764 996 10

200 1029 232 1063 D
395 1025 504 1075 Τοὺς
533 1026 609 1080 μὲν
637 1019 710 1068 οὖν
735 1026 929 1081 ψαλμοὺς
955 1030 1036 1069 τῶν
1060 1023 1175 1082 ὡρῶν
1198 1023 1454 1082 ἀναγινώσκει
1475 1022 1496 1068 ὅ
1521 1021 1710 1082 ἂρχιὸιά-

254 1110 390 1144 κονος,
424 1094 497 1148 τὴν
526 1095 775 1151 προφητείαν
806 1097 872 1137 καὶ
901 1095 972 1138 τὸν
999 1093 1223 1140 ἀπόστολον
1247 1093 1269 1136 ὃ
1290 1091 1710 1150 πρωταποστολάριος,

254 1166 335 1205 τῶν
365 1162 409 1204 δὲ
435 1162 671 1218 εὐαγγελίων
699 1163 746 1206 τὸ
775 1164 848 1218 μὲν
875 1167 1034 1221 πρῶτον
1063 1161 1085 1206 ὃ
1114 1167 1410 1221 πρωτοπαπᾶς,
1443 1161 1495 1205 τὰ
1521 1161 1565 1204 δέ
1589 1160 1710 1203 λοιπὰ

253 1229 368 1287 ἱερεῖς
389 1230 528 1286 ἕτεροι.

389 1299 514 1341 Μετὰ
536 1299 580 1341 δὲ
600 1298 672 1354 τὴν
693 1295 889 1343 ἀπόλυσιν
908 1303 988 1342 τῶν
1012 1297 1128 1356 ὡρῶν
1147 1304 1220 1342 τοῦ
1239 1298 1438 1355 βασιλέως
1461 1293 1709 1347 ἀπελθόντος
1722 1301 1764 1338 15

249 1360 375 1416 αὖθις
394 1368 460 1409 καὶ
485 1367 560 1417 τὰς
585 1365 701 1423 ἁγίας
722 1366 877 1418 εἰκόνας
898 1368 1208 1421 ἀσπασαμένου,
1242 1370 1308 1411 καὶ
1329 1367 1433 1423 μετὰ
1453 1371 1570 1410 τοῦτο
1591 1367 1647 1416 εἲς
1663 1364 1709 1408 τὸ

251 1436 402 1477 κελλιόν
427 1435 552 1478 αὐτοῦ
575 1433 849 1487 εἶσελθόντος,
880 1433 1014 1478 λύεται
1037 1434 1062 1491 ἦ
1085 1435 1338 1493 παράστασις
1359 1436 1498 1493 μέχρις
1520 1431 1616 1488 ἂνῆ
1638 1436 1711 1488 τῆς

251 1504 497 1560 λειτουργίας
516 1502 777 1560 προσήκουσα
793 1503 898 1561 ἔλθῃ
916 1504 1004 1559 ὥρα
1013 1535 1025 1555 ,
1057 1506 1123 1547 καὶ
1141 1503 1228 1548 τότε
1244 1504 1446 1559 ’ψάλλεται
1465 1502 1486 1545 ὃ
1506 1501 1712 1558 ἔσπερινὸς

250 1570 388 1624 ὕμνος.
457 1574 602 1627 γίνεται
623 1572 758 1626 μέντοι
775 1577 894 1615 τοῦτο
917 1572 1066 1623 οὕτως,
1095 1572 1204 1630 ἐἶ’περ
1227 1571 1341 1627 τύχοι
1364 1567 1466 1615 οὖσα
1483 1569 1509 1626 ἦ
1529 1569 1647 1627 ἑορτὴ
1668 1571 1710 1612 ἓν

133 1644 161 1677 Ρ
186 1644 229 1679 79
254 1639 357 1696 ἄλλῃ
386 1644 458 1694 τῆς
486 1638 715 1694 ἑβδομάδος
743 1638 896 1698 ἡμέρα·
931 1642 966 1683 εἲ
997 1641 1039 1682 δὲ
1067 1642 1109 1683 ἐν
1134 1639 1330 1699 σαββάτῳ
1353 1640 1596 1696 ἢκυριακῇ,
1627 1641 1766 1682 τιῢν20

250 1706 367 1763 ὡρῶν
395 1710 461 1750 καὶ
495 1712 575 1750 τῶν
603 1710 832 1766 τροπαρίων
859 1708 1126 1763 ψαλλομένων
1154 1708 1344 1766 πάρεστιν
1369 1709 1442 1762 μὲν
1463 1705 1485 1750 ὃ
1505 1704 1708 1760 βασιλεύς,

250 1776 297 1818 οὗ
328 1777 410 1831 μὶν
440 1776 484 1818 δὲ
515 1778 583 1818 καὶ
617 1779 673 1827 εἷς
702 1777 775 1832 τὴν
807 1778 1077 1834 λειτουργίαν,
1122 1776 1215 1820 ἀλλ’
1250 1779 1334 1839 ἰδία
1363 1775 1564 1832 ψάλλεται
1594 1772 1710 1830 αὗτή.

341 1907 365 1941 2
388 1901 568 1948 τροποὶριν
589 1904 620 1939 Α
733 1906 757 1941 6
778 1901 960 1950 κραταιὰν
981 1903 1045 1940 καὶ
1067 1916 1122 1940 om
1144 1903 1174 1938 B
1290 1904 1335 1941 13
1356 1901 1396 1940 δὲ
1420 1906 1472 1951 λ.]
1496 1904 1539 1941 δέ
1560 1916 1599 1950 γε
1624 1906 1656 1942 λ.
1678 1906 1709 1940 Α

346 1952 390 1987 19
411 1949 503 1996 τύχῃ
530 1950 589 1985 ΑΒ

255 2075 331 2099 cum
360 2062 540 2108 tropariis.
588 2062 631 2097 ed
663 2061 815 2097 ultimum
849 2074 961 2098 nonae
993 2062 1103 2097 horae
1135 2062 1327 2108 troparium
1361 2063 1447 2098 dicit
1477 2063 1710 2109 protopsaltes

252 2107 391 2155 “gloria
438 2109 505 2144 atri
525 2112 561 2143 et
581 2108 653 2142 filio
678 2114 714 2143 et
735 2109 875 2154 spiritui
896 2105 1068 2151 sancto;”
1099 2114 1136 2143 et
1158 2109 1374 2144 decantatur.
1422 2109 1562 2145 additur
1583 2109 1711 2145 deinde

255 2162 292 2190 et
313 2155 379 2190 hoc
423 2152 471 2189 ‘et
494 2166 585 2188 nunc
607 2160 643 2188 et
668 2151 856 2199 semper;’'
885 2166 950 2188 nec
973 2154 1125 2188 secundo
1153 2160 1312 2189 cantatur
1336 2155 1545 2201 troparium,
1583 2154 1711 2200 legitur

253 2206 369 2236 autem
393 2211 413 2234 a
437 2200 675 2243 canonamha,
708 2201 770 2244 qui
792 2205 872 2244 post
894 2199 1075 2234 lectionem
1100 2200 1152 2234 sic
1174 2201 1335 2246 profatur
1355 2198 1576 2236 “diuturnum
1601 2201 1712 2237 faciat

253 2248 339 2282 deus
372 2252 581 2292 praepotens
606 2251 642 2280 et
661 2251 815 2280 sanctum
844 2246 1023 2289 imperium
1046 2252 1198 2280 vestrum
1223 2246 1267 2281 ad
1290 2246 1414 2282 multos
1436 2243 1586 2281 annos-’³
1628 2258 1709 2282 rur-

253 2304 312 2327 sus
344 2293 450 2326 tertia
482 2291 559 2325 vice
588 2287 810 2326 “diuturnum
831 2291 939 2325 faciat
961 2291 1044 2325 deus
1069 2303 1089 2325 a
1112 2292 1177 2326 deo
1201 2298 1377 2337 acceptum
1401 2298 1437 2327 et
1458 2304 1478 2327 a
1502 2293 1568 2327 deo
1590 2297 1709 2328 custo-

252 2339 363 2373 ditum
403 2343 614 2384 praepotens
654 2342 690 2371 et
729 2342 883 2371 sanctum
927 2337 1107 2382 imperium
1146 2344 1300 2373 vestrum
1335 2339 1378 2372 ad
1412 2338 1534 2373 multos
1564 2335 1710 2373 annos.”

252 2383 379 2419 deinde
409 2383 602 2419 acclamant
634 2382 893 2417 circumstantes
924 2379 1156 2417 “diuturnum
1174 2383 1280 2418 faciat
1312 2384 1397 2419 deus
1420 2389 1575 2419 sanctum
1598 2384 1708 2429 impe-

252 2430 341 2464 rium
374 2435 527 2464 vestrum
558 2430 603 2464 ad
637 2429 760 2463 multos
793 2425 938 2463 annos?
985 2428 1188 2474 caniturque
1218 2429 1304 2464 illud
1326 2430 1539 2476 troparium,
1570 2429 1707 2474 iterum,

252 2487 328 2510 cum
354 2475 436 2510 illud
457 2471 572 2509 “nunc
596 2479 632 2509 et
654 2471 813 2519 semper³³
833 2480 938 2508 antea
959 2474 1179 2509 decantatum
1202 2475 1321 2511 suerit.

341 2521 496 2555 Psalmos
538 2521 699 2556 horarum
738 2519 824 2564 legit
861 2519 1144 2563 archidiaconus,
1187 2519 1404 2566 prophetiam
1441 2524 1478 2556 et
1516 2519 1707 2567 apostolum

248 2567 576 2612 protapostolarius.
625 2578 669 2601 ex
693 2565 883 2610 evangeliis
906 2566 1050 2610 primum
1073 2566 1211 2611 quidem
1233 2566 1319 2611 legit
1335 2572 1548 2614 protopnpa‚
1572 2565 1709 2611 reliqua

250 2613 312 2647 alii
333 2613 547 2647 sacerdotes.

342 2658 471 2693 Finitis
503 2657 620 2700 horis,
654 2656 863 2703 imperatore
892 2666 1012 2691 rursus
1043 2657 1191 2691 abeunte
1224 2661 1261 2692 et
1291 2661 1429 2692 sanctas
1450 2655 1618 2700 imagines
1645 2667 1708 2690 ex-

254 2703 431 2738 osculante
453 2714 620 2748 suumque
644 2703 810 2738 conclave
832 2707 1032 2748 repetente,
1058 2702 1207 2737 solvitur
1229 2702 1486 2747 circumstatio,
1510 2702 1621 2736 donec
1644 2702 1707 2736 de-

252 2750 326 2783 bita
349 2748 512 2793 liturgiae
536 2749 623 2782 hora
645 2748 838 2783 advenerit.
885 2753 922 2782 et
944 2753 1027 2782 tunc
1054 2747 1244 2792 psalluntur
1265 2759 1448 2794 vesperae.
1495 2753 1530 2781 et
1559 2746 1626 2780 hoc
1656 2747 1707 2781 ita

254 2795 313 2839 fit,
340 2795 371 2828 si
394 2794 518 2828 festum
540 2794 576 2827 in
602 2794 704 2828 alium
728 2794 942 2840 septimanae
966 2793 1055 2827 diem
1080 2793 1224 2828 incidat.
1271 2795 1301 2828 si
1324 2805 1408 2828 vero
1433 2794 1557 2827 festum
1574 2792 1610 2825 in
1626 2794 1707 2827 snb-

254 2842 370 2875 batum
395 2845 456 2875 aut
481 2839 685 2874 dominicam
709 2841 799 2875 diem
821 2838 1003 2882 inciderit,
1039 2850 1114 2872 cum
1150 2840 1257 2874 horae
1281 2846 1316 2874 et
1339 2838 1495 2884 tropario
1517 2837 1706 2871 concinun-

254 2893 330 2929 tur,
364 2886 464 2921 adest
484 2885 623 2932 quidem
646 2887 850 2933 imperator,
883 2885 944 2920 sed
967 2896 1036 2919 non
1057 2884 1092 2919 in
1115 2884 1276 2931 liturgia,
1307 2896 1396 2931 quae
1419 2883 1580 2929 privatim
1605 2894 1706 2928 pera-
