1820 3178
287 158 380 204 130
494 157 771 203 GRETSERI
794 157 866 200 ET
892 156 1068 202 GOARI
1093 156 1538 202 COMMENTARIUS

729 345 1165 396 CAPUT
1244 346 1302 396 V.

281 471 565 553 sceuophylax
578 505 638 540 est
665 501 697 539 is
722 513 834 552 quem
857 499 982 540 multis
1006 500 1046 538 in
1071 499 1160 537 locis
1185 499 1358 538 custodem
1383 496 1595 550 appellant3
1631 499 1691 537 cui
1707 498 1746 536 in

281 558 547 611 supellectilem
572 571 715 597 sacram
737 559 930 597 arbitrium
955 561 994 595 et
1021 556 1232 595 auctoritas.
1288 558 1369 595 τῶν
1393 556 1512 608 ἱερῶν
1530 556 1745 608 κειμηλίων

281 612 358 664 τὴν
382 614 608 664 ἐπιμέλειαν
633 615 710 668 ἔχει
742 614 767 656 ό
795 614 915 667 μέγας
938 608 1212 664 σκευοφύλαξ,
1257 612 1380 662 inquit
1407 611 1618 651 Balsamon.
1675 625 1746 650 nec

281 671 390 710 aliter
432 672 618 710 Codinus:
670 672 921 723 sceuophylax
961 672 1120 723 κρατῶν
1156 667 1204 708 τοὶ
1249 666 1372 720 σκεύη
1413 672 1487 719 τῆς
1525 669 1746 720 ἐκκλησίας.

283 728 436 777 quidam
467 732 621 767 vertunt
653 731 862 778 sacristam,
899 740 976 766 non
1002 726 1255 776 incommode,
1289 725 1359 763 nisi
1387 726 1514 763 forsan
1537 726 1744 775 refragetur

279 784 457 823 iudicium
479 785 597 836 illius,
627 786 692 835 qui
724 798 783 823 res
817 788 961 823 veteres
987 784 1092 822 novis
1127 783 1278 820 vocibus
1315 780 1565 833 significanter
1592 782 1745 834 exprimi

281 842 469 893 patienter
497 842 594 880 ferre
626 854 704 880 non
735 845 872 893 potest.
937 841 1024 878 hinc
1051 835 1392 888 σκευοφυλάκιον,
1427 839 1491 877 ubi
1512 852 1657 880 sacrum
1687 838 1745 876 in·-

281 902 533 937 strumentum
569 903 790 938 asservatur.
847 910 970 948 neque
999 898 1097 935 enim
1116 897 1288 946 agnoscit
1319 896 1457 934 Suidas
1494 897 1746 946 σκευοφυλα-

282 959 395 995 κεῖον
436 956 698 995 convenienter
739 955 891 1007 reguiae
927 967 1038 1006 suae,
1079 954 1128 991 de
1165 965 1240 1003 qua
1279 957 1499 1004 antegresso
1544 953 1666 1005 capite
1706 963 1743 1003 p.

282 1011 367 1054 125
393 1011 444 1050 in.

372 1087 408 1122 p.
425 1075 448 1112 4
471 1087 508 1114 v.
532 1077 567 1112 3.
606 1073 762 1132 οημέγας
776 1072 1026 1133 σκευοφύλαῇ
1048 1074 1218 1110 Allatiana
1250 1074 1306 1118 (et
1323 1073 1398 1118 M)=
1433 1070 1453 1108 ὅ
1477 1068 1589 1118 μέγας
1618 1083 1746 1107 σκευο-

267 1117 406 1166 ’φύλαξ
432 1120 602 1166 στήκεται
627 1134 720 1156 οταν
735 1124 943 1166 λειτουργεῖ
955 1118 974 1156 ὁ
1001 1117 1191 1166 αρχιερεύς
1207 1117 1419 1164 ἔμπροσθεν
1434 1121 1501 1154 τοῦ
1516 1121 1745 1162 σκευοφυλα-

282 1166 388 1212 κίου,
419 1166 483 1202 καὶ
498 1167 585 1202 εἴτι
601 1165 636 1202 δ’
650 1162 699 1202 ἂν
714 1168 940 1213 χρειασθοῦν
957 1165 996 1201 ἐκ
1011 1168 1079 1202 τοῦ
1093 1165 1402 1209 σκευοφυλακίου,
1426 1162 1537 1205 αὐτὸς
1557 1161 1745 1205 οἷποδίδει,

280 1209 370 1257 ἦτοι
398 1214 547 1257 σκεῦος,
579 1213 723 1259 βιβλίον
747 1210 868 1256 ἴερόν,
893 1210 1030 1257 κηροὺς
1049 1210 1113 1246 καὶ
1148 1209 1329 1256 ἀλλαγεὶς,
1367 1208 1589 1254 ὖποκρατῶν
1613 1208 1678 1245 καὶ
1703 1206 1750 1244 τὸ

282 1257 581 1302 σκευοφυλάκιον
596 1260 661 1303 τῆς
675 1255 900 1303 ἐπισκοπῆς,
927 1257 993 1293 καὶ
1007 1259 1083 1293 πᾶν
1108 1258 1237 1297 σκεῦος
1257 1258 1322 1302 τῆς
1347 1253 1556 1301 ε’κκλησίας,
1583 1253 1675 1301 ἔχων
1703 1252 1746 1289 δὲ

281 1301 349 1338 καὶ
373 1300 441 1344 τοὶς
462 1302 713 1359 χηρευομένας
735 1300 926 1348 ἐκκλησίας
949 1302 1003 1343 εἰς
1026 1301 1095 1349 τὴν
1118 1301 1235 1338 αὐτοῦ
1256 1299 1470 1347 ἐπίσκεψιν,
1500 1300 1565 1337 καὶ
1589 1299 1636 1336 τοὶ
1665 1297 1748 1344 ΐεροὶ

281 1345 407 1383 αὐτῶν
429 1361 566 1384 παντα.
615 1347 690 1385 ἔστι
718 1346 762 1383 δὲ
788 1349 853 1384 καὶ
881 1348 932 1390 εἰς
957 1346 1024 1390 τὰς
1047 1349 1202 1393 κρίσεις,
1239 1346 1436 1392 φυλάττων
1460 1346 1525 1382 καὶ
1547 1343 1594 1382 τὰ
1620 1346 1755 1381 δίκαια·

281 1395 358 1430 τῶν
374 1392 638 1451 εἰσερχομένων
653 1394 706 1436 εἰς
721 1391 789 1439 τὴν
805 1391 1000 1439 ἐκκλησίαν
1018 1392 1081 1429 διὰ
1098 1392 1187 1435 τοὺς
1204 1391 1400 1438 κληρικοῦς
1412 1391 1517 1438 μέχρι
1534 1393 1602 1427 τοῦ
1620 1389 1746 1426 διανέ-

280 1451 365 1486 μειν
381 1437 516 1481 αὐτους
529 1442 660 1476 ταῦτα.
707 1441 758 1475 his
773 1441 919 1484 adiunge
929 1454 940 1474 ε
965 1439 1023 1480 δὶς
1036 1441 1104 1475 τοῦ
1118 1436 1294 1475 ἐνιαυτοῦ
1308 1437 1488 1484 α’ναφέρει
1504 1439 1556 1484 τῷ
1575 1434 1750 1482 ἀρχιερεῖ,

280 1485 348 1521 καὶ
366 1481 463 1566 ε’σιέλν
479 1484 532 1527 εἰς
553 1483 621 1528 τὰς
633 1485 779 1532 κρίσεις.
825 1487 964 1522 brevius
989 1487 1119 1533 Regia:
1142 1487 1218 1523 τῶν
1233 1483 1342 1532 ἴερῶν
1357 1483 1553 1532 κειμηλίων
1569 1482 1639 1530 τὴν
1654 1479 1744 1528 πρό-

280 1543 392 1566 νοιαν
426 1543 495 1578 χει.

397 1602 638 1642 Protecdicus
663 1602 819 1641 vertitur
838 1614 862 1641 a
884 1600 1078 1642 Bonefidio
1090 1605 1285 1655 primarius
1303 1606 1412 1642 actor.
1449 1601 1585 1640 rectius
1610 1602 1748 1653 primus

283 1659 458 1712 defensor.
515 1660 594 1698 eius
629 1657 791 1698 officium
830 1664 930 1710 erat,
965 1664 1063 1698 teste
1101 1660 1272 1711 Codino,
1309 1657 1352 1701 τὸ
1380 1653 1749 1712 ἀντιλαμβάνεσθαι

282 1714 381 1765 τούς
410 1713 704 1769 αἰχμαλώτους,
733 1729 858 1754 curam
876 1730 1004 1768 gerere
1023 1718 1263 1768 captivorum.

376 1804 411 1838 p.
426 1790 450 1828 4
472 1803 507 1828 v,
524 1793 580 1827 10.
614 1789 702 1832 τούς
726 1789 992 1837 αἰχμαλώτους]
1020 1803 1105 1837 quos
1135 1793 1288 1827 nimirum
1310 1792 1374 1839 ipsi
1398 1789 1582 1828 Christiani
1603 1789 1669 1824 sibi
1686 1799 1750 1823 vo-

283 1839 359 1873 lunt.
374 1849 493 1872 servos
506 1839 634 1873 facere.
679 1839 854 1873 Blastares
871 1850 901 1873 c.
916 1840 962 1874 33
985 1839 1053 1872 τοῦ
1067 1839 1100 1872 Ε
1114 1838 1311 1884 στοιχείουε
1337 1837 1377 1873 οἵ
1390 1839 1458 1883 τῆς
1473 1836 1652 1883 βοηθείας
1666 1831 1750 1868 δδό·

282 1895 408 1930 μενοι,
443 1876 547 1918 οὗτοι
569 1880 646 1927 ἄρα
666 1880 742 1918 εἷεν
766 1881 806 1917 οἴ
819 1884 864 1929 τῇ
880 1880 1052 1929 ἐκκλησίᾳ
1074 1881 1411 1928 προσπεφευγότες,
1440 1880 1613 1926 ἐπηρείας
1634 1881 1750 1914 δυνα-

283 1929 381 1964 συῶν
397 1925 657 1973 ἐκτρεπόμενοι
672 1924 698 1973 ἢ
713 1929 801 1974 πρίν
815 1942 850 1963 τι
863 1929 1118 1968 πταιτίσαντες
1142 1925 1169 1973 ἢ
1192 1928 1246 1970 εἰς
1274 1929 1447 1963 δουλείαν
1473 1924 1662 1970 ἑλκόμενοι
1683 1923 1750 1959 καὶ

284 1974 480 2019 ζητοῦντες
501 1970 734 2018 ἐπικουρίαν,
771 1971 819 2009 δι’
851 1970 916 2014 οὓς
943 1973 1004 2008 καὶ
1034 1971 1074 2008 οἱ
1095 1971 1235 2008 ἔκδικοι
1259 1975 1439 2018 γίνονται.
1488 1973 1532 2006 de
1561 1972 1612 2006 his
1637 1970 1749 2005 Alexii

260 2064 268 2069 ι
283 2020 434 2055 Novella
452 2022 494 2055 11
518 2020 605 2053 Iuris
628 2019 699 2053 GR
723 2020 744 2053 Ι.
767 2021 801 2054 2.
851 2019 959 2064 Regia
987 2031 1069 2054 vero
1099 2020 1277 2075 aliqpoties
1305 2020 1428 2054 citataz
1460 2015 1479 2053 ὁ
1500 2015 1750 2060 πρωτέκδικος

285 2062 359 2112 ἔχει
377 2062 446 2110 τὴν
462 2063 679 2109 οἰκονομίαν
695 2065 767 2099 τῶν
785 2063 959 2109 gnatum,
991 2063 1056 2100 καὶ
1079 2062 1123 2099 τὸ
1148 2066 1492 2112 αντιλαμβοὲνεσθαι
1508 2065 1582 2098 τῶν
1597 2059 1749 2107 ζητούν-

284 2123 361 2146 των
385 2107 454 2155 τήν
479 2106 779 2155 ἐκκλησιαστικὴν
812 2108 998 2156 βοήθειαν
1027 2108 1137 2154 χάριν
1167 2107 1380 2152 ἐλευθερίας
1409 2109 1473 2145 καὶ
1502 2110 1577 2144 τῶν
1611 2108 1749 2142 λοιπῶν

281 2154 527 2238 πρὲσφύγων,
554 2158 627 2192 εἴτε
648 2153 926 2207 ἀντιποιεῖσθαι
941 2154 1005 2190 καὶ
1021 2156 1181 2195 ἐκδικεῖν
1196 2153 1271 2192 ἀπὸ
1286 2159 1359 2193 τῶν
1384 2154 1662 2202 ἐπηρεαζόντων
1681 2151 1748 2188 αὖ-

281 2214 325 2238 το
353 2215 381 2244 ς.

396 2260 562 2300 Vocatur
597 2260 644 2298 ab
690 2261 822 2299 eodem
863 2276 1001 2313 κριτης
1030 2263 1111 2301 τῶν
1151 2261 1447 2314 ἐγκληματικῶν
1484 2258 1746 2309 ὑποθέσεων,

284 2318 396 2357 iudex
423 2318 757 2356 controversiarum
783 2330 879 2367 quae
905 2319 944 2355 in
972 2319 1206 2358 accusatione
1233 2323 1439 2358 versantur.

378 2405 413 2439 p.
438 2394 462 2430 4
483 2406 518 2429 v.
545 2395 579 2429 9.
618 2391 638 2428 ὁ
666 2390 930 2438 πρωτέκδικος]
963 2395 1133 2430 Aliatiana
1187 2392 1207 2429 ὁ
1244 2391 1495 2435 πρωτέκδικος
1526 2404 1653 2438 κριτης
1687 2385 1746 2435 (ἔκ

285 2437 488 2482 προσώπου
503 2440 571 2474 τοῦ
585 2436 781 2485 ἀρχιερέως
798 2439 854 2484 Μ)
869 2437 960 2484 μετα
978 2437 1122 2475 δώδεκα
1139 2441 1230 2486 (τῶν
1247 2439 1316 2474 δύο
1334 2441 1391 2483 Μ,
1415 2441 1472 2485 qui
1489 2440 1595 2474 infra:
1624 2435 1663 2472 οἴ
1677 2434 1746 2471 δύο

286 2483 429 2520 ἔκδικοι
454 2485 618 2528 κρίνουσι
637 2481 729 2530 μετὰ
753 2485 822 2520 τοῦ
841 2486 1096 2528 πρωτεκδίκου
1121 2483 1253 2531 μικράς
1276 2483 1494 2530 ὑποθέσεις)
1518 2481 1673 2519 ἔκδίκων
1687 2494 1743 2527 μι-

284 2527 379 2574 κρᾶς
395 2528 597 2572 ὑποθέσεις
611 2528 678 2571 τὰς
692 2528 946 2576 εἰσερχομένας
959 2527 1000 2565 ἐν
1013 2533 1060 2576 τῇ
1076 2528 1245 2576 ἐκκλησία
1271 2527 1453 2578 (ἐρευνᾷ).
1501 2527 1681 2574 α’ναφὲρει
1704 2523 1747 2562 δὲ

282 2574 422 2617 ταύτας
435 2577 487 2623 τῷ
502 2574 674 2622 ἀρχιερεῖ.
722 2576 793 2611 eius
809 2577 953 2611 tribunal
971 2578 1012 2610 ad
1037 2579 1074 2611 S.
1092 2567 1241 2623 Sophiae
1257 2578 1477 2611 vestibulum
1512 2573 1565 2616 εἰς
1586 2572 1628 2610 τὸ
1653 2584 1746 2619 προ-

285 2619 438 2666 σκήνιον
455 2623 524 2657 τοῦ
539 2620 610 2658 νεώ
623 2648 635 2668 ,
663 2617 687 2657 ὃ
701 2622 986 2668 πρωτεκὸικεῖον
1000 2621 1243 2668 κικλήσκεται.
1292 2623 1445 2660 Nicetas.

399 2693 583 2738 Quocirca
622 2706 700 2732 non
741 2692 860 2745 probo
898 2693 1183 2744 descriptionem
1225 2706 1337 2744 quam
1375 2691 1647 2742 Turcograecia
1677 2691 1746 2728 ad-

285 2747 390 2787 ducit
439 2749 504 2788 fol.
552 2752 661 2791 218:
716 2749 741 2790 ὁ
793 2748 1057 2803 πρωτέκδικος
1105 2750 1129 2791 ὁ
1176 2750 1271 2798 τούς
1319 2746 1557 2804 πρόσφυγας
1599 2745 1744 2788 ἀναδε-

284 2800 475 2858 χόμενος,
518 2808 581 2858 qui
621 2806 860 2859 confugientes
904 2807 953 2846 ad
989 2806 1169 2847 ecclesiam
1204 2809 1348 2860 recipit,
1392 2809 1437 2843 ut
1477 2805 1744 2858 interpretatur
