1820 3178
260 154 359 201 200
471 153 747 200 GRETSERI
766 153 838 197 ET
859 149 1032 197 GOARI
1047 147 1485 195 COMMENTARIUS

370 277 408 316 p.
424 267 473 307 11
492 278 526 304 V.
547 267 607 307 12.
627 263 839 303 Praefectus
859 262 969 314 alogii
982 267 1021 300 et
1033 274 1071 314 p.
1084 261 1135 302 11
1149 274 1184 300 v.
1200 261 1253 302 13
1278 257 1550 309 Protalogator]
1574 256 1705 295 vitiose

261 315 469 374 ἆλλαγίου,
495 325 535 360 et
555 321 666 372 longe
679 321 800 359 adhuc
811 319 977 358 vitiosius
990 312 1353 385 προταλλαγάστωρ.
1379 314 1568 352 Glossario
1581 317 1707 351 tamen

261 375 383 427 placet
402 373 592 431 ἄλλάγιον
611 381 650 415 et
670 373 1029 430 πρωταλλαγᾶτωρ,
1060 373 1147 423 quia
1176 371 1340 424 αλλαγαί
1360 367 1441 409 nint
1461 370 1541 409 loca
1567 373 1707 407 mutan-

262 433 318 470 dis
347 435 444 485 equis
466 436 504 471 in
525 433 664 485 publico
696 446 799 471 cursu
837 432 1026 471 destinata.
1055 429 1142 468 hine
1178 425 1365 480 ἀλλᾶγιον
1392 439 1514 467 cursus
1537 425 1711 477 publicus,
1763 463 1767 465 s

265 489 365 538 Post,
380 493 419 527 et
439 487 462 529 ὁ
477 486 607 541 ἅρχων
622 491 695 529 τοῦ
719 485 906 541 ἆλλαγίου
928 486 1129 538 praefectus
1146 485 1284 536 publici
1309 490 1454 531 cursu&
1479 482 1711 525 Postmeister,

265 550 305 583 et
327 543 666 598 πρωταλλαγοξτωρ
686 545 860 594 generalis
874 544 1009 594 publici
1027 555 1160 580 cursus.
1190 539 1397 578 subscribat
1421 538 1485 588 qui
1501 535 1711 588 volet,‘ego

268 602 371 650 quod
397 602 496 639 edidi
524 601 750 654 amplector,
784 613 867 639 cum
896 599 1007 637 etiam
1035 597 1264 636 Glossarium
1282 609 1322 642 „v.
1355 589 1666 648 πρωταλογάτωρ
1689 604 1714 630 a

265 658 373 695 nobis
399 661 497 708 stet,
523 661 718 707 vertatque
735 656 938 708 praefectus
954 655 1129 706 generalis
1146 655 1311 705 equitum.
1333 665 1400 702 quo
1423 655 1560 699 tamen,
1580 647 1716 698 inquit,

268 717 381 751 maim·
401 717 477 751 erat
506 711 530 753 ὅ
552 710 687 764 ἅρχων
699 716 771 752 τοῦ
791 709 974 765 ἅλογίου,
997 713 1160 762 princeps
1177 711 1332 762 equitum
1345 708 1401 747 vel
1421 717 1603 759 equanam:
1622 701 1718 745 ὅλο-

269 785 342 824 γον
356 770 454 807 enim
470 769 620 808 Graecis
639 773 697 807 est
719 782 826 820 equus
843 781 910 806 seu
927 771 1128 806 iumentum.

362 845 445 879 ibid.
464 841 483 879 ὁ
501 841 626 889 ἄρχων
641 843 708 878 τοῦ
729 839 896 888 ἆλογίου]
924 842 1074 876 officinm
1097 840 1186 875 haud
1212 838 1379 884 explicatu
1402 836 1561 880 difficile,
1587 847 1631 870 ex
1656 845 1721 869 vo-

274 890 322 924 cis
346 890 556 925 nihilomiuus
580 886 730 933 ἄλογίου
755 889 930 922 dubietate
951 891 986 921 et
1012 887 1218 921 obscuritate
1241 885 1305 919 iam
1329 895 1416 930 pene
1438 882 1601 917 incertum
1616 884 1652 915 et
1666 880 1722 924 ig·-

274 940 399 971 notum.
444 935 561 980 legunt
583 935 636 969 hic
661 934 793 979 quidam
821 930 993 978 ἆλόγιον,
1017 936 1055 966 at
1076 928 1236 975 ἄλόγωςι
1267 934 1304 964 et
1325 941 1368 964 ex
1395 939 1482 963 voce
1504 924 1639 972 ἄλογον
1657 924 1722 960 sibi

274 987 353 1015 nota
391 980 483 1027 (quis
513 981 600 1022 enim
635 983 764 1025 equum!
781 979 966 1023 ignoraret)
998 975 1065 1012 τὸν
1095 974 1259 1021 ἄρχοντα
1292 975 1359 1009 τοῦ
1390 971 1543 1018 ἄλογίου
1578 970 1724 1006 vereda·-

274 1027 401 1061 riorum
427 1031 462 1060 et
486 1037 657 1060 cursorum
689 1025 897 1071 praefectum
931 1025 1059 1058 creant.
1118 1021 1228 1056 lexica
1257 1019 1478 1055 auctoritates
1509 1017 1724 1053 coniecturae

276 1077 504 1116 quaeruntun
529 1082 646 1106 verum
671 1067 791 1110 οὐδεὶς
814 1069 933 1113 λόγος.
977 1068 1090 1103 sanior
1115 1067 1215 1102 lectio
1242 1066 1297 1100 hic
1322 1065 1478 1100 restituta
1500 1068 1627 1098 certum
1644 1073 1723 1107 pro-

277 1120 368 1153 feret
390 1128 542 1153 sensum.
577 1123 613 1151 et
639 1116 793 1150 abdicato
810 1114 886 1149 iure
909 1114 1018 1148 alieno
1039 1113 1209 1159 proprium
1234 1111 1348 1145 officio
1380 1108 1565 1156 reparabit.
1609 1108 1730 1152 legen·

280 1164 358 1196 dum
381 1163 496 1208 itaque
516 1159 714 1207 ἅλλαγίου,
737 1160 825 1206 quod
849 1161 1044 1205 frequenter
1068 1163 1138 1193 tum
1162 1158 1215 1191 hic
1237 1161 1308 1191 tum
1332 1167 1362 1193 c.
1382 1157 1405 1190 5
1419 1156 1604 1202 posueruut
1618 1152 1730 1197 Regia.

281 1219 356 1242 cum
381 1209 511 1242 duobus
542 1207 722 1241 Mazarinis
762 1216 828 1240 mss
859 1205 1104 1250 exemplaribus
1137 1202 1348 1250 postmodum
1379 1199 1606 1246 proferendis,
1640 1197 1730 1243 quod

282 1258 479 1287 constanter
500 1252 602 1287 habet
625 1250 871 1292 Cantacuzeni,
897 1251 1040 1294 Regium
1063 1250 1145 1284 item
1169 1249 1339 1293 exemplar
1352 1246 1443 1282 aliud
1456 1270 1467 1289 ,
1489 1244 1579 1291 quod
1594 1243 1731 1278 indubie

280 1299 488 1334 retinendum
513 1298 641 1332 censuit
665 1301 784 1331 auctor
809 1296 977 1330 Glossarii
1007 1307 1042 1330 V.
1074 1291 1358 1339 ἄλλαξιμᾶριον,
1391 1288 1578 1336 ἄλλάγιον.
1639 1291 1733 1324 errat

281 1351 413 1386 tamen,
439 1349 478 1378 ut
500 1354 603 1388 saepe
624 1343 735 1382 solet,
760 1341 837 1375 dum
862 1338 1037 1384 ἄλλοέγιον
1063 1345 1099 1374 et
1120 1338 1285 1383 ἀλλαγήν
1308 1336 1504 1380 confundit,
1530 1348 1552 1370 a
1587 1333 1732 1380 eoquod

281 1386 422 1434 ἀλλαγὴ
451 1389 545 1435 ζῷον
576 1385 773 1433 δρομικόν,
802 1387 1020 1421 veredarium
1043 1390 1076 1421 et
1099 1396 1221 1430 equum
1245 1383 1487 1424 mutatorium,
1514 1381 1549 1414 in
1573 1380 1661 1422 icat,
1690 1389 1734 1413 ex

283 1435 429 1480 propriis
454 1435 488 1468 in
510 1433 628 1468 eodem
658 1443 758 1467 sensu
786 1428 829 1466 τὸ
866 1428 1042 1476 ἄλλάγιον
1081 1429 1229 1475 exponit.
1291 1438 1438 1462 errorem
1460 1424 1735 1461 animadvertisse

285 1481 433 1521 diceres,
459 1479 517 1514 ubi
535 1478 723 1523 subiungit:
749 1477 946 1512 scholiastes
973 1477 1122 1521 Oppiam·
1151 1475 1308 1510 Halieat.
1333 1474 1357 1508 1.
1381 1475 1401 1508 1
1424 1468 1511 1512 τούς
1534 1468 1663 1516 λόχους
1676 1471 1736 1504 ia-

286 1530 497 1570 terpretatur
520 1521 694 1569 ἆλλοὶγιαε
722 1527 779 1564 at,
801 1523 897 1567 quasi
921 1522 1101 1567 repudiata
1122 1521 1268 1555 veritate
1294 1529 1393 1564 quam
1421 1517 1646 1563 palpaverat,
1673 1526 1738 1549 ex-

286 1572 356 1606 silit
380 1570 557 1605 confestim
590 1575 626 1604 et
662 1569 704 1603 ad
735 1579 841 1614 equos
865 1566 1102 1614 publicumque
1126 1577 1255 1600 cursum
1283 1563 1395 1599 nervis
1418 1563 1569 1597 omnibus
1598 1563 1739 1595 conten-

287 1617 349 1651 dit.
394 1617 611 1650 adhaeremus
640 1625 703 1649 nos
727 1614 854 1658 λογίως
875 1613 988 1648 sensui
1010 1612 1100 1658 apud
1122 1614 1339 1646 memoratum
1361 1608 1572 1643 scholiastem
1589 1610 1740 1651 reperto.

289 1659 466 1706 ἆλλοὲγιον
490 1662 604 1706 itaque
631 1664 686 1695 est
706 1657 829 1704 λόχος,
855 1670 1005 1704 agmen,
1029 1664 1166 1698 turma,
1189 1657 1299 1699 acies,
1322 1659 1360 1689 et
1387 1650 1511 1699 ἄρχων
1535 1652 1604 1687 τοῦ
1631 1647 1742 1686 ἄλλα·

290 1708 394 1752 γίου,
417 1707 475 1752 qui
497 1718 569 1741 eam
592 1705 709 1751 quavis
735 1706 867 1739 ratione
887 1705 978 1738 ducit
1002 1708 1037 1738 et
1062 1703 1110 1737 illi
1138 1703 1292 1748 imperat.
1351 1710 1470 1734 verum
1494 1697 1656 1744 quodnam
1680 1707 1743 1740 ag-

291 1765 387 1796 men,
413 1753 566 1798 inquies,
594 1751 685 1795 regit
707 1750 761 1784 hic
783 1747 906 1795 ἄρχων
927 1749 995 1784 τοῦ
1015 1747 1190 1792 ἄλλαγίου
1204 1773 1216 1791 ,
1239 1751 1277 1780 ut
1299 1756 1372 1780 cum
1395 1743 1595 1783 domestico,
1624 1741 1745 1776 comite

290 1799 431 1840 stabuli,
466 1797 744 1842 stratopedarcha
773 1801 809 1830 et
836 1796 911 1829 aliis
942 1790 1145 1841 ⁴potestatem
1181 1795 1341 1827 exerceat
1366 1797 1403 1825 et
1427 1789 1578 1824 obtineat
1599 1787 1745 1832 dignita-

291 1844 389 1878 tem?
436 1843 617 1888 respondet
638 1847 758 1876 auctor
779 1852 810 1875 c.
834 1841 875 1876 5:
899 1838 919 1875 ὃ
947 1837 1071 1884 ἄρχων
1095 1839 1164 1873 τοῦ
1183 1836 1359 1881 ἄλλαγίου
1382 1832 1435 1875 εἰς
1458 1831 1527 1879 τὴν
1550 1834 1618 1868 τοῦ
1643 1832 1747 1879 βοισιη

293 1887 382 1928 λέως
406 1887 609 1930 εὑρίσκεται
631 1884 699 1931 μὲν
725 1883 917 1929 σύνταξιν,
943 1885 1007 1920 καὶ
1031 1881 1105 1918 ὑπὸ
1132 1881 1245 1928 μέγαν
1273 1878 1315 1916 δὲ
1338 1877 1614 1924 πριμμικήριον.
1643 1888 1748 1922 prae-

287 1938 404 1978 fectus
427 1934 558 1979 allagii
588 1934 695 1966 locum
721 1933 850 1966 obtinet
882 1932 920 1965 t‘n
953 1931 1174 1975 imperatoris
1201 1927 1388 1967 cantitata,
1419 1930 1455 1959 et
1479 1925 1591 1959 subest
1617 1933 1748 1967 magno

289 1982 499 2025 primicerio.
544 1978 689 2011 observa
711 1976 964 2021 praetermissos
982 1976 1115 2009 silentio
1137 1984 1241 2018 equos
1262 1976 1297 2005 et
1319 1968 1490 2011 σύνταξιν
1515 1972 1743 2003 memoratam.

291 2030 331 2062 at
353 2025 434 2069 quid
461 2021 627 2064 σύνταξις
658 2033 756 2067 quam
791 2022 993 2063 comitatus,
1029 2031 1176 2063 agmen,
1211 2016 1328 2051 acies?
1381 2015 1463 2060 quid
1493 2014 1597 2059 igitur
1627 2009 1750 2057 ἅρχων

293 2070 362 2105 τοῦ
385 2067 563 2112 ἄλλαγίου
586 2078 683 2111 quam
707 2063 831 2110 ἄρχων
853 2066 918 2108 τῆς
943 2063 1164 2107 συντάξεως,
1200 2066 1236 2096 et
1270 2058 1502 2106 εὑρίσκεσθαι
1532 2059 1629 2092 ducis
1655 2069 1749 2092 more

296 2113 351 2154 εἰς
370 2111 439 2158 τὴν
465 2108 655 2159 βασιλικὴν
687 2109 883 2152 σύνταξινῖ
935 2107 1100 2155 βασιλική
1130 2119 1213 2141 vero
1240 2104 1407 2148 σύνταξις
1429 2104 1664 2150 imperatorius
1694 2103 1753 2138 vel

297 2172 397 2195 sacer
419 2164 472 2193 est
492 2158 691 2196 comitatus,
729 2157 821 2190 cuius
841 2166 980 2198 magnus
1007 2153 1215 2200 primicerius
1240 2157 1292 2186 est
1320 2163 1359 2185 ca
1385 2154 1440 2191 ut,
1464 2162 1507 2184 ex
1522 2154 1660 2184 auctore
1679 2160 1709 2182 c.
1727 2149 1751 2183 5

296 2202 441 2250 κεφαλὴ
467 2203 531 2247 τῆς
558 2202 743 2248 βασιλικῆς
766 2199 986 2243 συνπάξεωςε
1013 2200 1061 2234 illi
1084 2198 1282 2244 supponitur
1306 2193 1326 2231 ὁ
1343 2207 1466 2241 αρχων
1481 2196 1548 2230 τοῦ
1563 2192 1752 2239 ἄλλαγίου,

298 2263 341 2286 ac
375 2251 447 2284 eius
478 2250 572 2282 vices
602 2247 702 2292 gerit.
769 2258 850 2290 ergo
874 2257 938 2279 non
965 2256 1142 2290 equorum,
1169 2244 1229 2279 sed
1254 2242 1448 2285 comitatus,
1476 2242 1539 2276 sub
1563 2239 1753 2287 primicerio

300 2297 423 2331 ductor
444 2294 620 2334 fatendus,
645 2292 701 2337 qui
726 2292 889 2326 nonnullis
913 2292 1117 2336 primipilus.
1674 2325 1683 2333 .

392 2343 438 2376 ib.
463 2352 497 2375 v.
523 2340 579 2375 13.
606 2334 627 2372 ὃ
654 2337 967 2381 πρωταλογάτωρ]
1013 2337 1128 2370 verius
1155 2346 1195 2369 ac
1219 2334 1441 2375 communius,
1462 2332 1496 2366 in
1514 2329 1644 2375 Regiis,
1666 2328 1755 2376 apud

300 2387 501 2427 Meursium,
529 2384 735 2419 Matthaeum
759 2383 950 2417 monachum
974 2382 1063 2416 infra
1087 2380 1322 2422 referendum,
1351 2385 1386 2414 et
1411 2379 1682 2413 eantacuzenum
1696 2386 1756 2409 su-

302 2433 429 2479 periori
455 2435 534 2466 nota
563 2434 797 2471 memoratum,
825 2428 856 2462 le
881 2440 900 2462 o
929 2424 1269 2471 πρωταλλαγάτωρ,
1293 2431 1412 2459 vocem
1434 2425 1476 2457 ab
1502 2422 1620 2456 eadem
1640 2420 1756 2454 radice

303 2490 371 2524 qua
394 2476 601 2524 praecedens
621 2474 818 2517 deductam,
843 2470 918 2508 απὸ
943 2473 1008 2507 τοῦ
1034 2469 1207 2515 ἄλλαγίου
1231 2471 1407 2514 nimirum,
1441 2470 1492 2503 ita
1507 2472 1619 2501 tamen
1635 2470 1675 2500 ut
1689 2463 1756 2508 ἄρ-

303 2536 377 2569 χων
410 2524 477 2557 τοῦ
506 2519 679 2565 ἆλλαγίου
713 2524 749 2554 et
772 2516 1088 2562 πρωταλλαγάτωρ
1111 2517 1160 2552 sic
1184 2528 1222 2551 se
1247 2518 1395 2551 habeant
1420 2520 1459 2548 ut
1484 2514 1542 2547 ille
1576 2511 1758 2557 praecedat

304 2580 446 2613 agmen,
475 2568 528 2601 hic
555 2570 734 2610 sequatur3
763 2565 821 2599 ille
847 2565 965 2599 milites
978 2564 1100 2605 ducat,
1123 2563 1179 2597 hic
1194 2562 1350 2603 ordinet5
1379 2561 1436 2594 ille
1451 2563 1590 2604 paratos
1603 2557 1637 2590 in
1653 2556 1758 2590 aciem

306 2622 341 2648 et
357 2615 471 2648 hostes
486 2613 636 2656 exemplo
654 2615 837 2657 provocet,
869 2610 923 2644 bic
947 2609 1093 2643 militiam
1117 2608 1331 2651 deserturos,
1357 2606 1443 2639 utin
1459 2604 1575 2638 ordine
1589 2606 1692 2644 stent,
1722 2600 1759 2634 vi

306 2659 506 2704 compellat3
530 2658 587 2691 ille
611 2662 707 2691 recta
731 2657 844 2691 fronte
869 2656 903 2689 in
927 2655 1042 2689 hostes
1064 2654 1198 2698 pergit,
1223 2654 1276 2687 hic
1299 2663 1320 2686 a
1348 2656 1446 2696 tergo
1460 2650 1503 2684 im
1529 2647 1623 2682 eritis
1637 2651 1673 2680 et
1685 2646 1760 2680 sola

307 2706 395 2739 facie
418 2703 590 2738 conversis
611 2702 808 2748 confestim,
832 2713 874 2736 ex
892 2700 1107 2746 pedissequo,
1131 2700 1252 2732 ductor
1267 2703 1429 2743 apparet3
1454 2707 1498 2728 un
1523 2705 1543 2727 e
1565 2704 1609 2726 ex
1633 2693 1762 2726 honore

309 2761 408 2795 quem
433 2754 513 2783 tunc
537 2748 744 2792 assequitur,
768 2752 803 2782 et
827 2747 905 2792 quia
925 2743 1016 2790 μετὰ
1039 2746 1106 2779 τοῦ
1132 2742 1311 2788 ἄρχοντος
1329 2743 1396 2777 τοῦ
1417 2737 1592 2783 ἆλλοιγίου
1615 2737 1762 2782 dignita-

311 2803 377 2830 tem
402 2801 436 2830 et
464 2805 549 2829 onus
575 2793 725 2829 bellandi
746 2793 952 2838 ducendique
975 2790 1111 2834 dividit,
1135 2784 1492 2836 πρωταλλαγάτωρος
1515 2784 1546 2819 ei
1570 2794 1687 2818 nomeu
1707 2782 1760 2817 in-
