1864 3164
323 190 421 237 302
522 190 796 238 GRETSERI
818 191 891 237 ET
911 190 1087 237 GOARI
1105 192 1539 239 COMMENTARIUS

321 313 435 341 conus
462 301 500 340 in
527 301 674 342 Leone:
702 301 878 342 silentium
897 307 1018 343 contra
1035 305 1176 342 sanctas
1193 316 1237 342 ac
1254 303 1464 343 verserabiles
1482 301 1666 342 celebravit
1682 304 1760 343 ἰσιι-4

319 372 385 398 nas
417 361 455 397 in
485 359 655 398 tribunali
682 362 733 401 19
763 359 993 398 accubituum.
1045 359 1163 398 idemt
1196 361 1235 399 in
1261 362 1412 402 crastino
1440 360 1608 398 sabbatho
1638 363 1760 398 sancto

319 417 429 453 exivit
451 416 634 467 imperator
655 417 693 453 in
718 415 948 454 tribunalibus
970 417 1020 458 19
1039 417 1270 455 accubituum.
1324 416 1491 459 Codinus
1511 415 1574 454 lib.
1600 415 1648 453 de
1672 414 1759 454 Ori-

318 471 393 522 gin.
424 471 494 522 Cp.
536 470 602 511 καὶ
630 468 678 510 vo?
713 469 808 511 δέκα
836 470 950 512 ἐννέα
977 467 1170 526 ἄκου’βιτα
1201 471 1269 513 καὶ
1297 469 1343 514 το
1373 471 1577 525 στέψημον
1601 468 1760 513 καὶτὸν

321 542 422 568 ναον
446 528 520 566 τοῦ
543 525 657 578 αγίου
683 523 907 577 Στεφάνου.

427 581 530 620 Idem
568 581 819 636 Luitprandus
852 587 878 627 6
906 585 934 624 2
961 581 1008 622 de
1036 582 1107 622 alio
1133 581 1271 635 palatio
1295 582 1507 635 Magnaura
1543 583 1653 640 dicto:
1706 586 1758 622 est

320 638 422 691 Cpoli
438 638 557 678 domus
573 640 713 692 palatio
732 643 898 693 contigua
916 643 1024 680 mirae
1041 641 1292 690 magnitudinis
1310 654 1354 680 ac
1371 630 1654 692 pulchritudinis,
1670 651 1759 690 quae

317 709 342 735 a
369 696 515 735 Graecis
533 711 556 749 ρ
576 697 648 734 loco
670 699 692 736 λ
721 700 837 748 posita
868 697 1068 748 Megwra,
1097 699 1202 748 quasi
1221 710 1352 747 magna
1374 709 1464 735 aura
1480 709 1546 748 pro
1561 696 1648 735 aula
1669 696 1758 734 dici·

320 756 391 790 tur.
447 752 538 791 hanc
555 755 675 804 itaque
691 752 957 802 Constantinus,
985 757 1057 792 tum
1077 754 1116 790 ob
1136 753 1371 804 Hispanorum
1394 755 1556 801 nuntios,
1585 754 1649 804 qui
1674 755 1759 789 tunc

317 810 449 847 noviter
471 822 508 847 eo
529 813 710 859 venerant,
739 814 812 848 tum
830 811 870 848 ob
889 822 940 848 me
957 813 990 848 et
1012 808 1277 860 Liutefredum,
1304 809 1368 847 hoc
1384 809 1483 849 modo
1498 810 1627 860 parari
1643 809 1761 846 iussit.

319 877 441 915 aerea,
469 865 528 903 sed
559 865 730 904 deaurata
760 866 927 918 quaedam
945 866 1045 904 arbor
1065 869 1145 903 ante
1163 867 1378 916 imperatoris
1397 865 1511 904 oculos
1529 865 1669 911 stabat,
1695 876 1760 902 cu-

320 923 376 958 ius
393 933 506 959 ramos
523 922 642 960 itidem
660 935 774 960 aereos
802 923 933 961 diversi
955 923 1090 972 generis
1114 921 1366 973 deaurataeque
1392 921 1548 960 volucres
1571 920 1759 974 replebant,

320 990 411 1028 quae
427 978 609 1015 secundum
627 981 752 1028 species
770 992 853 1017 suas
872 978 1082 1016 diversarum
1100 980 1219 1016 avium
1245 991 1342 1016 voces
1368 978 1577 1016 emittebant.
1624 978 1665 1015 in
1679 976 1758 1027 pri-

320 1036 386 1072 mis
405 1046 483 1071 vero
501 1034 624 1072 solium
646 1034 842 1073 huiusmodi
859 1038 932 1072 erat
949 1037 1025 1072 arte
1044 1038 1284 1086 compositum,
1312 1037 1352 1072 ut
1377 1035 1416 1072 in
1440 1037 1601 1071 momento
1617 1031 1758 1079 humile,

318 1090 487 1128 excelsius
514 1091 632 1140 modo,
670 1103 775 1141 quam
806 1103 884 1129 mox
910 1091 1084 1128 videretur
1106 1091 1259 1129 sublime.
1314 1090 1373 1128 sed
1398 1089 1523 1138 sedile,
1559 1088 1651 1140 quod
1682 1090 1760 1125 erat

315 1148 501 1184 immensae
523 1146 797 1196 magnitudinis,
837 1148 1004 1184 incertum
1024 1142 1140 1185 uttum
1165 1148 1259 1184 aerei
1283 1159 1331 1184 an
1361 1145 1490 1196 lignei,
1522 1157 1640 1183 verum
1673 1155 1761 1182 auro

316 1203 403 1239 tecti
423 1201 530 1240 leones
556 1204 660 1253 quasi
681 1202 927 1240 custodiebant.
981 1204 1020 1241 in
1045 1203 1112 1240 hac
1129 1205 1245 1252 igitur
1266 1202 1410 1241 duorum
1436 1201 1662 1240 eunuchorum
1691 1199 1761 1238 hu-

315 1259 416 1296 meris
442 1260 638 1296 incumbens
663 1263 743 1296 ante
766 1258 983 1309 imperatoris
1010 1261 1244 1308 praesentiam
1273 1272 1350 1296 sum
1384 1258 1565 1296 deductus.
1620 1266 1762 1306 cumque

313 1315 352 1352 in
378 1313 530 1351 adventu
557 1327 627 1352 meo
650 1314 760 1352 leones
782 1316 939 1363 rugitum
966 1316 1177 1363 emitterent,
1217 1327 1297 1352 aves
1321 1314 1503 1353 secundum
1524 1315 1649 1365 species
1676 1324 1761 1349 suas
1828 1356 1831 1357 ⁷

307 1373 576 1420 perstreperent,
605 1370 704 1407 nullo
725 1381 800 1407 sum
827 1374 972 1417 terrore,
1001 1371 1101 1408 nulla
1119 1370 1348 1409 admiratione
1375 1373 1570 1417 commotus,
1599 1369 1762 1420 quoniam

313 1425 452 1475 quidem
490 1438 533 1463 ex
572 1425 627 1462 his
663 1426 817 1463 omnibus
857 1438 912 1463 eos
946 1427 1008 1475 qui
1045 1426 1125 1464 bene
1161 1429 1327 1464 noverant
1354 1425 1495 1476 sueram
1525 1427 1761 1476 percontatus.

311 1483 418 1519 tertio
435 1483 555 1532 itaque
572 1484 805 1532 imperatorem
821 1493 953 1531 pronus
977 1480 1129 1519 adorans
1155 1485 1260 1532 caput
1287 1481 1434 1530 sustuli,
1470 1484 1503 1518 et
1529 1493 1628 1532 quem
1656 1480 1762 1530 prius

313 1537 491 1574 moderata
512 1550 670 1575 mensura
689 1550 714 1575 a
730 1540 825 1574 terra
853 1536 1023 1575 elevatum
1043 1537 1158 1575 sedere
1182 1537 1279 1586 vidi,
1306 1549 1386 1575 mox
1403 1537 1486 1575 aliis
1511 1537 1674 1575 indutum
1696 1547 1761 1573 ve-

315 1595 429 1631 stibus
453 1606 555 1644 penes
582 1593 702 1631 domus
726 1593 872 1644 laquear
898 1592 1011 1631 sedere
1042 1594 1217 1644 prospexi.
1271 1592 1361 1644 quod
1383 1593 1532 1644 qualiter
1549 1594 1676 1643 fieret,
1703 1604 1761 1628 co-

317 1651 436 1700 gitare
468 1662 535 1686 non
566 1651 686 1700 potui,
730 1651 804 1688 nisi
825 1648 921 1700 sorte
947 1661 985 1687 eo
1012 1651 1059 1687 sit
1079 1650 1256 1687 subvectus
1280 1649 1414 1699 ergalio
1438 1662 1504 1701 quo
1536 1648 1761 1686 torcularium

317 1706 455 1743 arbores
475 1706 724 1747 subvehuntur.
772 1718 838 1756 per
859 1718 895 1743 se
926 1709 1042 1743 autem
1065 1706 1155 1744 nihil
1180 1705 1335 1753 locutus,
1364 1707 1524 1757 quoniam
1547 1708 1580 1742 et
1597 1705 1630 1742 si
1646 1703 1762 1749 vellet,

316 1761 538 1812 intercapedo
559 1763 716 1799 maxima
736 1762 935 1800 indecorum
945 1761 1084 1813 faceret
1091 1789 1106 1814 ,
1134 1761 1176 1800 de
1198 1764 1275 1800 vita
1299 1760 1511 1812 Berengarii
1535 1763 1568 1799 et
1593 1762 1762 1812 sospitate

314 1830 376 1870 per
401 1817 608 1865 logothetam
634 1821 684 1854 est
701 1821 938 1867 percontatus.

430 1873 523 1910 Erat
548 1873 657 1923 Cpoli
681 1873 781 1910 aliud
809 1873 1006 1925 palatium,
1034 1872 1091 1910 cui
1119 1870 1310 1926 πορφύρα
1341 1885 1407 1910 seu
1433 1885 1593 1925 purpura
1614 1882 1762 1919 nomen,

318 1929 606 1980 parturientibus
625 1933 663 1966 et
676 1929 901 1980 parientibus
923 1929 1211 1979 imperatricibus
1230 1929 1466 1967 destinatum.
1521 1928 1632 1966 Anna
1650 1927 1763 1964 Com-

318 1997 415 2022 nena
438 1984 461 2022 l.
495 1989 532 2027 6.
565 1984 762 2023 Alexiadis.
818 1984 967 2022 Alexius
987 1985 1200 2022 Comnenus
1219 1986 1368 2022 domum
1395 1997 1561 2022 reversus
1589 1998 1664 2034 την
1693 1983 1764 2032 βα·

321 2040 452 2080 σιλίδα
475 2038 575 2080 κατὰ
599 2039 643 2080 ro*
670 2036 951 2106 ἀφωρισμένον
972 2037 1095 2079 παλαι
1113 2044 1199 2087 ταῖς
1217 2036 1439 2088 τικτούσαις
1452 2055 1530 2079 των
1548 2038 1763 2106 βασιλίδων

321 2095 470 2146 οἴκημα
495 2094 559 2135 ἐπὶ
586 2099 672 2142 ταῖς
695 2092 833 2135 ω’δῖσιν
858 2092 1014 2147 εὕρηκε
1073 2092 1288 2161 πορφύραν
1306 2098 1424 2136 τοῦτο
1449 2091 1646 2136 ἀνέκαθεν
1668 2089 1762 2134 ὄνο-

319 2147 531 2203 μάζουσιν,
560 2149 600 2198 ἐξ
624 2166 670 2190 ου
695 2150 763 2191 καὶ
785 2148 828 2190 τὸ
854 2153 936 2190 ταῖν
963 2147 1350 2205 πορφυρογεννήτων
1364 2149 1492 2203 ὄνομα
1507 2151 1564 2200 εἰς
1587 2146 1663 2202 τὴν
1697 2149 1762 2190 ol-

316 2205 515 2259 κουμένην
542 2205 738 2272 διέδραμε.
793 2205 1047 2258 Luitprandus
1068 2207 1089 2246 1
1117 2208 1163 2247 2:
1194 2207 1530 2258 Porphyrogenitum
1547 2221 1614 2246 non
1626 2209 1664 2245 in
1675 2217 1763 2258 pur-

315 2277 434 2316 pura,
460 2263 520 2300 sed
539 2265 576 2300 in
594 2262 692 2300 domo
710 2275 798 2313 quae
817 2262 999 2314 Porphyra
1022 2262 1173 2312 dicitur,
1202 2268 1325 2302 natum
1345 2265 1488 2316 appello.
1545 2267 1581 2302 et
1601 2263 1762 2315 quoniam

317 2333 371 2358 res
389 2321 551 2371 processit
572 2320 609 2356 in
635 2318 803 2366 medium,
841 2318 930 2369 quod
954 2318 997 2356 de
1028 2318 1131 2356 huius
1154 2320 1442 2371 porphyrogeniti
1472 2322 1591 2370 genesi
1621 2318 1764 2358 audi-oi-

319 2389 415 2425 mus,
438 2375 670 2426 proferamus.
730 2374 978 2412 Constantinus
1004 2376 1190 2426 imperator
1215 2376 1420 2426 Augustus,
1448 2389 1493 2414 ex
1518 2378 1617 2414 cuius
1629 2377 1763 2412 nomine

322 2431 439 2482 Cpolis
468 2435 518 2469 est
547 2433 670 2468 sortita
698 2430 901 2468 vocabulum
920 2432 1066 2479 civitas,
1095 2431 1230 2470 domum
1248 2434 1354 2470 istam
1372 2433 1554 2483 aedificari
1566 2433 1682 2478 iussit,
1706 2431 1766 2468 cui

322 2487 509 2538 Porphyra
530 2499 647 2525 nomen
664 2488 847 2537 imposuit,
873 2485 1049 2537 voluitque
1075 2500 1308 2526 successuram
1335 2489 1530 2526 nobilitatis
1555 2499 1638 2525 suae
1665 2486 1765 2524 sobo-

321 2544 387 2582 lem
403 2545 484 2581 istic
504 2546 542 2581 in
560 2543 667 2581 lucem
690 2542 850 2593 prodire,
877 2546 1046 2593 quatenus
1075 2545 1136 2593 qui
1161 2558 1221 2582 suo
1251 2557 1295 2581 ex
1325 2548 1500 2582 stemmate
1531 2545 1764 2587 nasrerentur,

321 2599 500 2637 luculenta
521 2600 586 2637 hac
607 2598 837 2650 appellatione
852 2599 1138 2649 porphyrogeniti
1153 2599 1419 2650 appellarentur.
1476 2599 1536 2637 alii
1555 2597 1763 2650 porphyro-

320 2655 467 2705 genitos
489 2656 607 2695 dictos
626 2657 799 2705 censent,
829 2655 930 2703 quod
948 2658 1055 2704 patre
1073 2654 1294 2706 imperatore
1325 2660 1363 2694 et
1387 2668 1551 2707 purpura
1585 2652 1763 2704 imperiali

322 2711 526 2749 convestito
554 2711 632 2748 nati
661 2714 795 2748 essent.
851 2710 904 2748 ita
939 2710 1106 2748 Zonaras
1136 2711 1175 2748 in
1204 2713 1452 2749 Constantino
1479 2710 1596 2748 Duca.
1652 2711 1762 2758 impe-

324 2769 418 2805 rium
439 2767 577 2818 reliquit
595 2768 707 2805 tribus
715 2767 812 2818 filiis
836 2769 931 2814 suis,
969 2780 1051 2817 quos
1075 2768 1219 2805 sustulit
1246 2781 1289 2806 ex
1315 2768 1484 2815 Eugenia
1510 2767 1654 2815 coniuge
1680 2777 1760 2811 sua,

325 2821 533 2864 Michaelem
552 2823 684 2877 quidem
702 2827 735 2862 ct
758 2822 1001 2872 Andronicum,
1022 2823 1159 2875 quando
1179 2823 1296 2863 adhuc
1309 2827 1490 2876 privatam
1517 2824 1629 2861 vitam
1655 2820 1761 2859 duce-
