1820 3178
246 235 338 284 194
456 221 727 275 GRETSERI
744 219 816 262 ET
836 211 1011 259 GOARI
1029 196 1469 252 COMMENTARIUS

252 491 318 514 non
350 472 561 520 δομέστικος
592 467 653 502 sed
686 460 776 504 δοῦξ
805 460 879 494 τῶν
910 455 1059 501 σχολῶν.
1114 458 1235 484 nornen
1262 443 1398 479 tandem
1429 437 1590 477 rediisse,
1619 442 1695 466 cum

253 524 404 560 Alexium
439 523 571 564 patrem
605 515 702 548 Anna
733 503 948 552 δομὲστικον
975 500 1048 535 τῶν
1077 494 1215 542 σχολῶν
1244 479 1549 535 προχειρισθέντα
1577 476 1697 514 scribit

252 572 276 606 l.
302 572 342 613 1,
363 564 566 601 coniicimus.

343 636 378 669 p.
405 623 447 656 10
468 630 503 655 v.
529 617 582 653 12.
610 612 630 648 ὁ
647 608 757 657 μέγας
779 600 1019 650 δρονγγᾶριος
1039 597 1105 633 τοῦ
1127 591 1274 637 στόλον]
1319 588 1395 635 quis
1417 579 1633 627 drungarius,
1655 587 1698 610 ex

255 670 335 708 alibi
357 667 456 722 dictis
478 667 610 698 notum:
634 658 709 714 qpis
725 656 759 689 in
786 653 912 694 classe,
935 645 1072 693 exponit
1093 643 1165 677 Leo
1182 639 1369 684 imperator
1389 633 1423 666 in
1446 625 1596 664 'raeticis
1611 619 1701 679 ’περὶ

255 726 378 759 ναυμα
402 723 459 751 ιας
488 721 520 745 e.
555 709 613 742 19:
650 701 710 738 επὶ
748 696 790 754 δὲ
821 697 895 732 τῶν
926 689 1134 737 θεματικῶν
1145 675 1443 741 ’δρομῶνωνυκαὶ
1466 674 1702 726 ὃροογγαριοι

256 805 321 843 καὶ
345 806 423 842 τοῖς
445 797 586 836 ἐκείνου
615 790 908 838 παραγγέλμασιν
929 782 1099 826 εἴξουσιν.
1137 768 1215 812 ὀὐκ
1238 771 1360 818 ἀγνοῶ
1382 765 1425 803 6}
1448 763 1574 806 ὅτιπερ
1606 769 1703 795 κατα

257 850 327 896 τὴν
350 847 522 894 ὁμοίωσιν
544 842 611 878 τοῦ
636 835 823 886 βασιλικοῦ
843 829 1008 874 πλωΐμον
1029 823 1093 861 καὶ
1116 820 1154 859 οἴ
1175 821 1247 856 τῶν
1270 815 1390 852 ἄλλων
1411 806 1586 856 θεμάτων
1605 800 1702 838 πλώ-

260 905 340 943 ϊμοι
362 887 557 938 στρατηγοὶ
578 879 815 931 δρουγγοὶριοι
835 870 1033 913 ἔκαλοῦντό
1055 881 1150 916 ποτεμ
1167 867 1246 905 τοῖς
1267 859 1346 898 ἄνω
1375 854 1542 904 χρόνοις,
1574 847 1639 886 καὶ
1667 843 1707 882 οἵ

255 940 320 978 ’ὑπ’
345 935 479 978 αὐτοὺς
500 932 653 979 κόμητες
674 925 790 974 μόνον
809 922 873 960 καὶ
895 918 1109 962 κένταρχοι·
1139 907 1232 947 ἄλλα
1262 909 1330 944 νῦν
1363 903 1416 944 εἰς
1437 895 1658 942 στρατηγίδα
1680 889 1706 937 ἢ

262 985 424 1024 ἑκάστων
447 982 520 1018 τῶν
543 973 795 1022 δρουγγαρίων
819 964 915 1012 ἀρχὴ
938 960 1146 1009 ἀναβέβηκε
1170 958 1251 1012 (hoc
1274 956 1327 1007 est
1349 961 1424 986 cum
1443 946 1542 999 ⁴prin-s
1566 943 1708 994 1109ηο-

263 1134 394 1170 quoqne
416 1131 477 1166 per
499 1118 656 1152 themata
679 1109 797 1145 divisis
821 1101 1006 1147 drungarii
1030 1103 1063 1132 ct
1086 1093 1304 1131 turmarchae
1330 1097 1418 1133 prae
1444 1084 1591 1117 ciuntur.
1638 1078 1713 1110 erat

264 1179 408 1213 namque
431 1163 546 1199 classis
569 1155 783 1204 imperatoria
806 1150 869 1185 toti
891 1146 974 1182 mari
1004 1145 1194 1188 imperans:
1225 1136 1268 1170 ad
1303 1136 1398 1168 custo
1423 1130 1487 1163 iam
1516 1121 1713 1171 provinciae

266 1216 340 1250 sive
362 1209 518 1246 thematis
543 1202 800 1244 uniuscuiusque
824 1199 937 1230 certus
959 1189 1119 1225 celocium
1142 1191 1298 1219 numerus
1331 1175 1565 1231 deputabatur.
1607 1169 1714 1201 totius

267 1259 385 1295 classis
407 1257 591 1300 imperator
614 1252 689 1283 erat
711 1254 848 1288 magnus
872 1240 959 1280 dux,
991 1236 1034 1269 de
1066 1243 1132 1278 quo
1156 1230 1190 1264 in
1219 1224 1430 1274 praemissis3
1463 1214 1632 1252 celocibus
1653 1221 1715 1256 per

267 1307 417 1339 themata
440 1298 556 1334 divisis
581 1291 755 1336 drungarii
777 1283 1091 1334 praeponebantur,
1119 1277 1207 1311 inter
1241 1282 1326 1318 quos
1356 1261 1633 1303 nominatissimus
1655 1256 1715 1290 Ci-

267 1352 505 1395 byraeotarum
532 1344 567 1386 (a
590 1340 720 1382 Cibyra
743 1334 880 1368 civitate
902 1329 1027 1363 selecto
1050 1322 1164 1358 navali
1185 1315 1366 1359 instructa)
1397 1307 1546 1346 occurrit
1574 1312 1718 1339 sexcen-

269 1397 315 1430 tis
338 1396 373 1428 in
398 1392 480 1426 locis
505 1386 594 1434 apud
615 1381 877 1426 Theophanem,
898 1375 1045 1408 Leonem
1069 1364 1351 1402 Grammaticum,
1371 1357 1579 1394 Cedrenum,
1603 1349 1718 1382 Zona-
1774 1342 1777 1344 ’

270 1453 341 1476 ram
365 1443 400 1473 et
422 1436 516 1471 alios.
557 1429 775 1473 drongarium
812 1422 878 1457 τοῦ
913 1414 1096 1465 βασιλικοῦ
1126 1408 1257 1446 στόλου
1287 1403 1399 1449 magni
1427 1400 1520 1435 ducis
1537 1396 1632 1430 vices
1657 1403 1719 1436 ge-

272 1491 402 1521 rentem
423 1480 539 1517 scribit
561 1477 703 1511 Nicetas
725 1469 899 1513 Paphlago
922 1466 956 1498 in
979 1459 1103 1506 Ignatii
1124 1457 1219 1496 vita,
1243 1462 1339 1498 quem
1360 1447 1428 1483 τοῦ
1447 1441 1546 1478 πλωΐ
1569 1451 1614 1474 ου
1632 1448 1719 1483 qno-

275 1543 342 1576 que
365 1523 612 1572 δρουγγοὶριον
635 1519 734 1560 dicit3
760 1516 814 1550 hic
836 1511 946 1557 μέγας
968 1501 1210 1550 δρουγγάριος
1232 1502 1304 1540 est,
1329 1499 1365 1528 et
1386 1493 1627 1536 δρουγγαριος
1646 1482 1720 1517 τῶν

275 1571 586 1622 Κιβυρραιωτῶν,
609 1566 652 1600 de
674 1574 740 1609 quo
764 1569 888 1605 nuper,
913 1567 934 1589 a
955 1551 1165 1597 Theophane
1188 1543 1387 1579 nominatur.
1432 1535 1584 1570 Zonaras
1608 1532 1719 1563 autem

276 1629 345 1657 tum
377 1615 583 1699 σὲρατηγοῦ
615 1616 683 1645 tum
712 1601 957 1653 δρουγγαρίου
988 1598 1061 1634 τῶν
1083 1587 1371 1641 Κιβυρραιωτῶν
1390 1578 1535 1619 meminit
1558 1576 1594 1611 ia
1615 1572 1722 1610 Iusti-

275 1668 375 1703 niano
432 1663 605 1697 inotmeto.

369 1735 415 1768 ib.
441 1743 477 1764 v.
506 1729 560 1764 13.
622 1714 931 1767 ‹imotaatmiotog
961 1712 1026 1757 τῆς
1060 1704 1186 1752 αὐλῆς]
1232 1714 1257 1737 a
1287 1694 1522 1736 caerimoniis,
1556 1687 1726 1734 magister

279 1778 589 1817 caerimoniarum,
622 1770 679 1816 qui
710 1780 730 1802 a
758 1764 932 1799 Philotheo
964 1754 1158 1804 patriarcha
1183 1745 1353 1789 εὐταξίας
1373 1742 1495 1778 dicitur
1515 1737 1550 1772 in
1572 1731 1728 1770 ecclesia.

276 1824 484 1872 primicerius
507 1817 678 1854 εὐτακτεῖ
694 1809 779 1852 τοὺς
808 1805 848 1844 ἕν
876 1803 969 1851 αὐλῇ
996 1799 1155 1838 πάνταςε
1193 1798 1330 1829 cunctos
1361 1790 1399 1823 in
1428 1786 1514 1821 aula
1543 1792 1613 1816 com
1641 1778 1727 1816 enit.

281 1870 411 1906 cunctis
430 1866 598 1906 ordinem,
622 1862 730 1895 locum
743 1883 754 1902 ,
776 1861 908 1900 tempus
930 1846 1185 1885 ministeriorum
1205 1834 1386 1874 distribuit.
1430 1832 1530 1876 lege,
1562 1825 1594 1862 s'i
1635 1823 1727 1865 ubet,

279 1915 430 1952 auctoris
454 1916 558 1956 caput
579 1907 743 1953 quintum.

373 1983 419 2016 ib.
453 1992 488 2013 v.
519 1977 572 2012 14.
604 1973 623 2008 ὁ
656 1962 1007 2016 πρωτοσπαθοὶριος]
1050 1955 1306 2003 spathariorum
1338 1947 1419 1981 dax.
1479 1939 1528 1975 illi
1556 1933 1728 1976 satellites,

284 2029 411 2075 spatha
435 2035 516 2059 ense
536 2019 670 2055 armati.
714 2015 837 2060 spatha
860 2010 961 2044 latior
984 2004 1127 2050 gladius.
1172 1995 1337 2033 σπαθίον
1350 1996 1386 2025 et
1399 1985 1522 2024 σπαθί
1533 1985 1660 2017 vocant
1673 1990 1729 2013 re-

285 2073 476 2110 centiores,
506 2066 597 2111 quod
619 2064 662 2097 ob
685 2069 837 2105 asperam
861 2054 928 2088 τοῦ
952 2054 982 2085 θ
1005 2043 1327 2095 pronuntiationem,
1355 2031 1503 2069 nonnihil
1530 2028 1597 2064 τοῦ
1626 2038 1655 2069 φ
1681 2023 1731 2058 si-

285 2120 411 2160 milem,
435 2109 565 2156 σπαφή
589 2106 722 2151 scripsit
745 2102 885 2136 Crusius
910 2099 944 2131 in
966 2089 1229 2135 Turcograecia.
1272 2075 1564 2130 protospatharios
1584 2077 1656 2106 tam
1673 2080 1732 2103 co-

286 2166 400 2211 piosos
433 2161 607 2194 enumerat
637 2149 830 2186 Eustratius
864 2145 899 2177 in
928 2143 1005 2176 lure
1037 2138 1125 2177 GR,
1155 2138 1194 2168 ut
1216 2136 1445 2176 quemcunque
1465 2118 1669 2168 spatharium
1691 2125 1732 2148 eo

286 2210 383 2245 titulo
408 2206 510 2240 fuisse
532 2204 683 2235 ornatum
705 2191 887 2228 coniiciam.
932 2188 994 2221 hos
1010 2187 1168 2228 quattuor
1184 2183 1236 2212 tot
1255 2173 1386 2209 lineolis
1409 2170 1565 2205 coartat:
1590 2159 1734 2202 Πέτρον

284 2245 624 2296 πρωτοσπαθάριον
655 2239 718 2277 καὶ
742 2237 922 2279 ἔπαρχον,
961 2229 1094 2264 Πόθον
1119 2215 1459 2268 πρωτοσπαθάριον
1490 2209 1554 2247 καὶ
1575 2205 1734 2254 μεγάλαν

289 2298 514 2341 οἰκονόμον,
539 2286 739 2326 Θεοδόσιον
761 2274 1099 2324 πρωτοσπαθοὶριον
1121 2269 1184 2305 καὶ
1207 2262 1403 2309 οἰκονόμον
1424 2259 1505 2296 τῶν,
1519 2251 1659 2299 εὗαγῶν
1677 2250 1732 2284 οἴ-
1772 2286 1773 2289 ¹

288 2357 378 2388 κων,
396 2338 574 2382 Ἰωάννην
597 2324 935 2377 πρωτοσπαθάριον
957 2312 1324 2374 καὶὶχαρτουλάριον.
1370 2303 1562 2353 spatharios
1575 2295 1737 2341 intelligit

1090 2362 1098 2374 Ι

291 2392 433 2426 Nicetas
455 2385 513 2420 ubi
536 2382 640 2417 habet
658 2369 971 2421 σωματοφύλακας
993 2377 1039 2400 τα
1063 2364 1150 2407 ξιφη
1172 2355 1454 2403 κραδαίνοντας.

381 2455 428 2489 ib.
452 2465 487 2487 v.
513 2451 566 2486 15.
590 2445 610 2483 ὁ
635 2444 746 2491 μέγας
767 2438 904 2483 ἄρχων]
937 2436 1044 2474 hunc,
1078 2429 1151 2475 quis
1181 2427 1242 2468 sit,
1273 2420 1433 2458 historiae
1454 2416 1592 2457 tacent,
1623 2408 1739 2445 conie-

293 2507 410 2537 cturae
439 2497 595 2533 indicant.
641 2490 767 2537 petitur
821 2483 977 2526 raecipua
1006 2490 1048 2512 ex
1076 2475 1205 2517 Eeloga
1228 2468 1352 2505 Leonis
1375 2470 1410 2499 et
1433 2457 1642 2497 Constantini
1669 2454 1740 2488 ΛΑ.

293 2548 346 2582 tit.
371 2547 414 2581 6:
438 2540 481 2578 τὸ
505 2539 573 2575 τοῦ
597 2535 773 2582 ἄρχοντος
795 2539 912 2573 ονομα
935 2520 1077 2569 γενικόν
1100 2516 1173 2554 ἐστι
1189 2543 1199 2561 ,
1224 2514 1287 2550 καὶ
1309 2509 1474 2557 σημαίνει
1499 2502 1563 2541 καὶ
1583 2510 1738 2545 στρατη-

292 2590 359 2637 γὸν
383 2588 445 2624 καὶ
471 2582 690 2622 ἀνθύπατον
712 2576 775 2614 καὶ
796 2572 936 2611 πάντας
958 2566 1043 2608 τοὺς
1064 2562 1246 2608 ἐπαρχιῶν
1269 2552 1481 2600 διοικητάς,
1513 2548 1548 2586 εἰ
1570 2545 1634 2583 καὶ
1655 2555 1739 2587 συγ-

296 2632 463 2680 κλητικοὶ
495 2625 593 2666 ὦσιν.
640 2624 682 2661 τὸ
713 2621 756 2659 δὲ
787 2619 906 2663 ὄνομα
937 2615 1004 2649 τοῦ
1037 2606 1263 2646 ἀνθυπάτου
1296 2598 1434 2638 εἰδικόν
1457 2595 1543 2634 ἐστι.
1591 2591 1742 2626 celebrat

298 2681 476 2715 Cedrenus
510 2678 543 2710 in
574 2672 698 2709 Basilio
730 2672 766 2703 et
801 2661 1019 2700 Constantino
1044 2654 1189 2691 Romani
1207 2652 1268 2686 FF
1293 2647 1454 2692 ἄρχοντα
1473 2635 1683 2682 Ἀντιοχείας
1706 2637 1742 2666 et

300 2724 463 2770 ἄρχοντα
484 2719 686 2767 Ἆβασγίας,
718 2715 752 2748 in
775 2713 924 2746 Romano
948 2708 1080 2747 Argyre
1108 2698 1268 2744 ἄρχοντα
1294 2689 1495 2731 Πανθέου,
1528 2681 1675 2719 Novella
1697 2680 1743 2714 31

300 2776 461 2816 quattuor
485 2765 661 2802 Armeniae
685 2758 884 2804 ἅρχονταςε
918 2751 1091 2786 cedrenus
1113 2747 1232 2779 iterum
1256 2741 1289 2774 in
1313 2734 1501 2781 Theophilo
1526 2734 1562 2763 et
1584 2727 1656 2761 zoe
1679 2722 1746 2766 ἄρ·

299 2827 411 2862 χοντα
436 2810 646 2856 ἀρχόντων,
671 2816 768 2851 quem
790 2798 1025 2836 Saracenicum
1073 2792 1232 2835 rincipem
1255 2788 1399 2825 autumo,
1423 2781 1466 2814 de
1487 2786 1554 2821 quo
1578 2774 1748 2807 Constan-

300 2864 390 2896 tinus
422 2859 456 2893 in
489 2852 764 2900 Chorographia:
809 2841 1004 2886 ἐκαθέζετο
1027 2851 1042 2875 ε
1062 2851 1078 2880 ς
1097 2832 1257 2884 μεγάλην
1276 2827 1457 2875 Ἀρμενίαν
1481 2820 1612 2860 δοῦλος
1636 2813 1751 2851 αὐτοῦ
