1864 3164
278 188 375 232 232
495 186 770 232 GRETSERI
787 187 860 230 ET
879 186 1053 231 GOARI
1072 187 1512 233 COMMENTARIUS

364 306 399 340 p.
422 294 462 330 15
486 306 519 331 v.
545 296 600 330 16.
623 292 881 340 τετράστυλον]
908 295 1042 330 videtur
1062 306 1139 330 esse
1158 295 1333 340 augustius
1358 299 1394 330 et
1417 295 1567 330 ornatius
1590 295 1636 330 ali
1660 295 1727 331 uod

277 340 467 384 fastigium,
497 341 541 375 ad
567 341 709 386 aliquam
746 341 844 375 aulae
873 341 991 386 palatii
1014 346 1144 386 partem
1167 345 1326 386 quattuor
1349 341 1508 376 columnis
1530 341 1564 375 in
1587 341 1729 376 subime

276 391 442 429 erectum,
473 386 518 421 ad
547 388 656 432 quod,
691 387 748 431 qui
783 386 914 431 equites
945 387 1053 421 aulam
1086 398 1127 421 ex
1159 387 1336 432 privilegio
1358 391 1538 432 penetrare
1561 391 1730 432 poterant,

275 432 370 511 {quis
393 433 427 466 in
452 437 576 467 terram
599 444 637 467 se
660 431 838 467 demittere
862 432 978 478 regiae
1009 432 1190 468 maiestatis
1222 433 1382 467 colendae
1405 432 1516 478 gratia
1546 432 1731 479 compelle-

300 489 341 511 un
359 488 410 511 ur.

389 526 436 564 ib.
474 537 508 563 v.
544 526 606 565 18.
650 523 733 575 lege
765 521 920 573 πεζεύει
947 521 1104 566 κάκεῖσε
1145 521 1228 565 κατ’
1254 521 1472 579 ἀναλογίαν
1505 530 1579 568 τοῦ
1607 523 1730 567 τόπου

274 577 545 632 τετραστύλου.
572 581 736 619 ambulat
754 586 792 619 et
814 582 899 620 illuc
919 583 968 620 ob
998 582 1179 620 rationem
1209 586 1363 633 propter
1386 595 1499 632 quam
1522 584 1572 623 ad
1596 582 1732 622 Tetra-

274 638 411 688 stylum
437 637 621 686 ambulat3
649 638 817 676 nimirum
851 639 900 677 ob
933 639 1110 677 honorem
1146 639 1406 690 imperatoris,
1445 640 1510 690 qui
1530 639 1602 678 illic
1623 651 1732 693 prae-

275 707 360 732 sens
380 697 447 732 est.

367 758 401 792 p.
421 748 463 782 15
478 758 512 784 v.
525 746 558 781 2.
593 746 662 780 τοῦ
682 747 923 791 κοπριτορίου
944 743 1008 782 καὶ
1032 748 1102 782 τοῦ
1121 742 1247 781 ἐπάνω
1277 746 1447 793 σκεπίου]
1489 747 1733 794 ephippiarium

278 792 465 837 stragulum
489 796 524 827 ct
547 791 635 826 aliud
660 793 814 839 superius
837 798 996 838 tegumen
1018 797 1096 827 sunt
1119 793 1275 835 diversa,
1299 794 1388 838 quod
1412 805 1512 828 unum
1528 805 1648 839 nempe
1663 805 1734 828 ma-

277 839 330 872 ius
349 838 482 893 altero,
519 838 575 872 vel
598 849 697 872 unum
720 838 815 884 pacis
837 843 990 885 tempore
1019 838 1065 873 sit
1094 845 1344 884 oruamentum,
1377 839 1469 874 aliud
1501 839 1538 874 iu
1566 838 1656 874 bello
1689 838 1735 874 sit

282 896 360 930 equi
383 895 562 918 munimen.

369 930 417 965 ib.
441 941 474 963 v.
498 929 533 964 4.
561 925 716 973 πεζεύει]
740 928 774 963 id
798 933 863 972 est,
883 929 922 963 in
945 933 1074 964 terram
1097 942 1138 964 ea·
1160 942 1245 975 equo
1263 929 1390 971 desilit,
1412 932 1453 964 nt
1468 929 1572 976 pedes
1588 927 1734 964 incedat.

390 977 438 1016 ib.
459 990 492 1016 v.
512 978 574 1019 13.
631 972 970 1028 αὕθεντόπουλος]
1016 990 1240 1027 quamquam
1282 978 1514 1016 Glossarium
1554 978 1736 1027 interpre-

276 1036 380 1071 tatur
401 1034 518 1072 herum
543 1035 724 1082 minorem,
763 1034 867 1082 quasi
894 1034 1051 1072 adiectio
1076 1034 1138 1072 illa
1160 1036 1335 1085 decerpat
1356 1034 1497 1083 aliquid
1524 1034 1572 1071 de
1597 1033 1738 1083 signifi-

278 1091 445 1140 catione,
473 1090 512 1127 id
543 1093 668 1128 tamen
690 1094 910 1142 perpetuum
937 1103 1014 1128 non
1037 1095 1118 1142 est,
1146 1095 1190 1129 ut
1214 1103 1330 1142 supra
1354 1091 1404 1128 ad
1433 1103 1470 1143 p.
1499 1089 1552 1132 14
1577 1092 1603 1131 9
1628 1093 1737 1128 nota-

279 1145 420 1184 bamus.

389 1202 436 1239 ib.
466 1212 500 1238 v.
524 1199 586 1242 15.
616 1202 694 1253 μᾶς
712 1204 750 1239 et
784 1203 879 1252 σᾶς,
909 1215 977 1254 pro
1001 1204 1082 1255 μοῦ·
1109 1206 1149 1241 et
1178 1204 1274 1249 σοῦ,
1303 1205 1393 1240 sunt
1418 1199 1600 1240 barbarae
1622 1199 1739 1238 Grae-

280 1258 358 1296 ciae
380 1256 636 1295 suaveolentes
656 1257 808 1296 flosculi.

372 1311 463 1344 Vere
485 1315 627 1344 mantus
648 1310 748 1345 etiam
779 1311 946 1345 barbarae
976 1311 1146 1346 Graeciae
1174 1322 1276 1346 voces
1309 1310 1381 1355 μοῖς
1409 1313 1445 1344 et
1474 1309 1541 1350 σᾶς
1571 1321 1638 1344 non
1668 1307 1740 1353 μοῦ

282 1359 318 1389 et
349 1355 438 1399 σοῦ,
470 1356 529 1389 sed
559 1352 662 1399 ἡμῶν
697 1361 732 1390 et
761 1354 864 1401 ὑμῶν
898 1357 973 1391 vice
1008 1357 1204 1391 odorabitur
1239 1355 1406 1401 usurpari.
1461 1355 1536 1390 aliis
1565 1359 1674 1389 autem
1717 1364 1739 1388 a

280 1401 487 1435 nominativo
516 1395 612 1444 ἕμεῖς
645 1404 680 1435 et
713 1398 803 1442 ἒσεῖς
829 1414 888 1436 nos
920 1406 956 1436 et
985 1415 1044 1437 vos
1076 1403 1210 1437 casibus
1239 1401 1369 1435 cunctis
1398 1400 1614 1442 deserviunt,
1638 1399 1740 1434 muti-

282 1446 428 1492 latisque
464 1457 525 1491 per
555 1446 767 1492 aphaeresim
817 1442 906 1490 ἐμᾶς
945 1452 982 1481 et.
1022 1444 1106 1487 ε’σᾶς
1144 1447 1398 1492 relinquuntur3
1442 1445 1605 1492 simulque
1644 1444 1740 1478 vides

279 1493 350 1526 τοῦ
373 1489 416 1526 σύ
439 1492 547 1525 minus
568 1492 752 1526 anomalum
776 1503 851 1526 esse
874 1493 1006 1538 plurale
1025 1490 1116 1533 ἒσεῖς
1139 1501 1236 1537 quam
1258 1489 1380 1537 ὑμεῖς,
1414 1502 1454 1525 ac
1485 1491 1562 1525 ideo
1593 1501 1741 1525 suaveo-

280 1537 390 1571 lentes
412 1538 579 1571 burbarae
600 1537 770 1571 Graeciae
791 1537 974 1581 flosculos,
997 1539 1089 1572 nullo
1113 1539 1215 1583 pretii
1240 1548 1354 1572 eorum
1376 1537 1510 1572 delectu
1536 1537 1649 1582 facto,
1674 1546 1742 1570 non

282 1594 358 1617 esse
376 1586 504 1616 temere
520 1583 756 1628 proterendos.

393 1632 441 1669 ib.
466 1643 500 1668 v.
521 1632 583 1671 17.
623 1627 824 1681 αὐθέντης
854 1630 1024 1672 dominus.
1068 1630 1154 1668 hinc
1194 1626 1426 1678 αὐθεντεῖν,
1468 1624 1741 1678 αὕθέντεύειν,

282 1682 551 1734 αὕθεντίζειν,
581 1687 818 1725 authenticum
840 1687 1004 1735 reddere,
1039 1689 1283 1725 auctoritatem
1309 1689 1381 1724 vim
1409 1689 1443 1724 et
1473 1686 1580 1724 robur
1605 1685 1742 1731 addere,

282 1746 326 1780 ut
349 1743 468 1781 valeat
486 1746 519 1780 et
535 1744 636 1780 reiici
651 1756 718 1781 non
726 1745 854 1795 possit.
881 1747 920 1780 et
933 1743 991 1780 cui
1005 1755 1081 1780 non
1094 1747 1183 1780 sunt
1201 1743 1350 1781 auditae
1363 1741 1557 1780 Iustiniani
1575 1741 1744 1778 Anthen-

284 1800 397 1848 ticae,
430 1811 523 1848 quas
542 1799 622 1849 ipse
641 1794 807 1851 νεαρᾶς,
837 1799 908 1837 hoc
935 1803 993 1836 est
1015 1798 1212 1850 Novellas,
1237 1797 1477 1850 indigitavit?
1509 1797 1744 1836 authenticae

282 1855 487 1906 scripturae
505 1868 631 1892 sacrae
650 1856 812 1893 omnium
830 1869 894 1893 ore
911 1859 1093 1894 teruntur.

397 1911 529 1948 Graeci
559 1923 658 1949 nunc
685 1907 862 1961 οἶφένδης
891 1911 948 1948 vel
967 1907 1140 1962 οἷφέντης
1153 1910 1319 1948 scribunt
1344 1913 1383 1947 et
1406 1908 1669 1959 pronuntiant,
1703 1911 1745 1945 et

285 1967 494 2017 corruptius
525 1968 646 2005 adhuc
675 1968 805 2017 efendi.
834 1967 981 2005 transiit
1010 1972 1168 2015 utraque
1193 1979 1265 2004 vox
1289 1967 1338 2004 ad
1368 1965 1530 2002 Turcas:
1558 1977 1646 2002 nam
1671 1963 1742 2000 illis

286 2023 437 2073 aploemli
449 2022 507 2059 vel
526 2022 641 2072 csendi
661 2023 699 2060 in
718 2036 786 2060 usu
813 2027 891 2071 est,
920 2027 1018 2060 teste
1035 2022 1256 2060 Leunclavio
1277 2022 1315 2058 in
1341 2020 1580 2058 Onomastico
1600 2019 1744 2058 Musul-

285 2078 466 2115 mannico.
496 2073 677 2130 οἶφένδροι
695 2079 844 2116 domina.
869 2078 1000 2115 Dousa
1016 2078 1054 2115 in
1079 2077 1270 2115 Itinerario
1289 2077 1512 2128 Cpolitano:
1539 2079 1611 2115 nisi
1630 2077 1745 2114 Grae-

288 2146 344 2171 cos
358 2134 528 2171 interdum
546 2135 628 2171 vino
645 2134 858 2185 deposueris,
886 2137 958 2172 nisi
980 2135 1114 2171 Graeco
1131 2146 1222 2170 more
1235 2131 1571 2187 πολυχρονιάσῃς,
1599 2128 1746 2181 ἆφένδι

287 2190 560 2235 exclamaveris,
588 2189 698 2229 oleam
716 2194 749 2229 et
762 2202 898 2242 operam
911 2189 1115 2242 perdideris.
1154 2188 1239 2227 hinc
1264 2186 1457 2230 αὕθεντία
1473 2189 1688 2227 dominatio.

736 2478 1171 2528 CAPUT
1248 2477 1308 2527 V.

388 2612 423 2646 p.
443 2603 486 2637 17
505 2613 538 2636 v.
555 2602 587 2637 8.
611 2598 654 2637 τὸ
677 2598 858 2645 σκιάδιον]
893 2599 1010 2645 capitis
1034 2599 1180 2644 tegimen
1203 2598 1399 2633 honoratius
1421 2600 1457 2632 et
1479 2597 1576 2632 aulae
1598 2595 1748 2642 proceri-

293 2649 355 2682 bus
379 2659 574 2681 concessum
598 2646 765 2683 σκιάδιον
788 2651 888 2680 vocat
911 2653 1028 2679 auctor
1052 2657 1123 2679 cum
1149 2645 1225 2678 Iure
1250 2645 1318 2678 GR
1345 2656 1375 2689 p.
1406 2645 1488 2686 186,
1519 2643 1661 2677 Nicetas
1683 2642 1744 2674 πῖ-

292 2695 359 2727 λον
386 2698 420 2726 et
442 2691 633 2737 κάλυμμα,
667 2694 842 2737 Gregoras
868 2688 1091 2746 unitim-occa}-
1140 2691 1277 2724 formam
1303 2690 1356 2724 hic
1378 2689 1529 2743 depingit
1550 2688 1672 2722 ultimis
1694 2685 1747 2739 h}-

294 2739 424 2772 storiae
448 2749 529 2772 suae
554 2739 682 2772 verbis:
715 2738 801 2780 περί
821 2748 859 2780 γε
882 2733 953 2781 μὴν
975 2737 1041 2779 τῆς
1066 2734 1125 2770 επὶ
1149 2736 1311 2779 κεφαλῆς
1343 2736 1552 2776 καλυπτρας
1583 2728 1645 2767 ἐπὶ
1675 2743 1748 2766 των

294 2781 360 2828 μὲν
394 2780 575 2827 πρότερον
609 2781 784 2829 βασιλέων
819 2782 907 2822 ἔθος
937 2777 1022 2820 τοὺς
1053 2778 1120 2825 μὲν
1156 2778 1275 2827 χρόνῳ
1307 2776 1586 2825 προβεβηκότας
1609 2774 1649 2813 ἐν
1670 2778 1750 2816 τοῖς

296 2829 494 2875 βασιλείοις
517 2830 678 2874 χρῆσθαι
700 2825 1162 2873 καλύπτραιςὶπυραμίὸος
1182 2822 1250 2871 μὲν
1279 2821 1447 2871 ἐχούσαις
1478 2825 1617 2869 σχῆμα,
1649 2833 1750 2868 σηρι-
