<?xml version="1.0" encoding="UTF-8"?>
<!DOCTYPE html PUBLIC "-//W3C//DTD XHTML 1.0 Transitional//EN"
    "http://www.w3.org/TR/xhtml1/DTD/xhtml1-transitional.dtd">
<html xmlns="http://www.w3.org/1999/xhtml" xml:lang="en" lang="en">
 <head>
  <title>
</title>
<meta http-equiv="Content-Type" content="text/html;charset=utf-8" />
  <meta name='ocr-system' content='tesseract 3.04.00' />
  <meta name='ocr-capabilities' content='ocr_page ocr_carea ocr_par ocr_line ocrx_word'/>
</head>
<body>
  <div class='ocr_page' id='page_1' title='image "./corpusscriptorum16niebuoft_0244.png"; bbox 0 0 1864 3164; ppageno 0'>
   <div class='ocr_carea' id='block_1_1' title="bbox 220 208 1464 253">
    <p class='ocr_par' dir='ltr' id='par_1_1' title="bbox 220 208 1464 253">
     <span class='ocr_line' id='line_1_1' title="bbox 220 208 1464 253; baseline -0.002 -1"><span class='ocrx_word' id='word_1_1' title='bbox 220 208 316 253; x_wconf 71' lang='lat'><strong><em>228</em></strong></span> <span class='ocrx_word' id='word_1_2' title='bbox 432 208 706 252; x_wconf 86' lang='lat' dir='ltr'><strong>GRETSEPI</strong></span> <span class='ocrx_word' id='word_1_3' title='bbox 731 210 800 250; x_wconf 89' lang='lat' dir='ltr'><strong><em>ET</em></strong></span> <span class='ocrx_word' id='word_1_4' title='bbox 826 209 1000 252; x_wconf 83' lang='lat' dir='ltr'>GOARI</span> <span class='ocrx_word' id='word_1_5' title='bbox 1024 209 1464 252; x_wconf 79' lang='lat' dir='ltr'><strong>COMMENTARIUS</strong></span> 
     </span>
    </p>
   </div>
   <div class='ocr_carea' id='block_1_2' title="bbox 215 310 1672 700">
    <p class='ocr_par' dir='ltr' id='par_1_2' title="bbox 215 310 1670 626">
     <span class='ocr_line' id='line_1_2' title="bbox 215 310 1668 372; baseline 0.001 -22"><span class='ocrx_word' id='word_1_6' title='bbox 215 310 403 361; x_wconf 76' lang='grc' dir='ltr'><strong><em>μασμὲνην</em></strong></span> <span class='ocrx_word' id='word_1_7' title='bbox 427 313 476 356; x_wconf 78' lang='grc' dir='ltr'><strong><em>ὥς</em></strong></span> <span class='ocrx_word' id='word_1_8' title='bbox 495 315 732 372; x_wconf 75' lang='grc' dir='ltr'><em>τετυφῶσθαι</em></span> <span class='ocrx_word' id='word_1_9' title='bbox 762 314 946 349; x_wconf 84' lang='grc' dir='ltr'>ποιοῦσαν</span> <span class='ocrx_word' id='word_1_10' title='bbox 975 310 1062 355; x_wconf 74' lang='grc' dir='ltr'><strong><em>τοὺς</em></strong></span> <span class='ocrx_word' id='word_1_11' title='bbox 1091 311 1230 359; x_wconf 73' lang='grc' dir='ltr'><strong><em>ταύτην</em></strong></span> <span class='ocrx_word' id='word_1_12' title='bbox 1253 311 1550 372; x_wconf 73' lang='grc' dir='ltr'><strong><em>ἀναδουμένους.</em></strong></span> <span class='ocrx_word' id='word_1_13' title='bbox 1597 315 1668 351; x_wconf 73' lang='lat' dir='ltr'><strong><em>Leo</em></strong></span> 
     </span>
     <span class='ocr_line' id='line_1_3' title="bbox 219 356 1670 418; baseline 0.002 -24"><span class='ocrx_word' id='word_1_14' title='bbox 219 362 489 396; x_wconf 81' lang='lat' dir='ltr'>Grammaticus:</span> <span class='ocrx_word' id='word_1_15' title='bbox 528 359 652 395; x_wconf 77' lang='grc' dir='ltr'><em>ἔπεσεν</em></span> <span class='ocrx_word' id='word_1_16' title='bbox 674 358 698 404; x_wconf 86' lang='grc' dir='ltr'>ἡ</span> <span class='ocrx_word' id='word_1_17' title='bbox 723 361 838 404; x_wconf 83' lang='grc' dir='ltr'><strong><em>χρυσῆ</em></strong></span> <span class='ocrx_word' id='word_1_18' title='bbox 863 361 988 404; x_wconf 82' lang='grc' dir='ltr'><strong><em>τοῦφα</em></strong></span> <span class='ocrx_word' id='word_1_19' title='bbox 1006 356 1270 395; x_wconf 77' lang='grc' dir='ltr'><strong>Ἰουστινιανοῦ</strong></span> <span class='ocrx_word' id='word_1_20' title='bbox 1290 360 1358 394; x_wconf 79' lang='grc' dir='ltr'><strong><em>τοῦ</em></strong></span> <span class='ocrx_word' id='word_1_21' title='bbox 1379 358 1577 418; x_wconf 74' lang='grc' dir='ltr'><strong><em>λεγομένου</em></strong></span> <span class='ocrx_word' id='word_1_22' title='bbox 1598 359 1670 396; x_wconf 77' lang='grc' dir='ltr'><strong><em>Αὖ-</em></strong></span> 
     </span>
     <span class='ocr_line' id='line_1_4' title="bbox 215 404 1670 462; baseline 0.001 -22"><span class='ocrx_word' id='word_1_23' title='bbox 215 404 405 462; x_wconf 71' lang='grc' dir='ltr'><strong><em>γουσι-ἕως.</em></strong></span> <span class='ocrx_word' id='word_1_24' title='bbox 453 407 496 441; x_wconf 85' lang='lat' dir='ltr'><strong><em>de</em></strong></span> <span class='ocrx_word' id='word_1_25' title='bbox 511 407 658 441; x_wconf 84' lang='lat' dir='ltr'><strong><em>secunda</em></strong></span> <span class='ocrx_word' id='word_1_26' title='bbox 673 405 862 450; x_wconf 75' lang='lat' dir='ltr'><strong><em>Rigallius·</em></strong></span> <span class='ocrx_word' id='word_1_27' title='bbox 886 406 1044 450; x_wconf 80' lang='grc' dir='ltr'><strong><em>τουφίον</em></strong></span> <span class='ocrx_word' id='word_1_28' title='bbox 1058 404 1183 450; x_wconf 81' lang='grc' dir='ltr'><strong><em>λόφος.</em></strong></span> <span class='ocrx_word' id='word_1_29' title='bbox 1229 405 1346 440; x_wconf 88' lang='lat' dir='ltr'><strong><em>Simon</em></strong></span> <span class='ocrx_word' id='word_1_30' title='bbox 1361 406 1516 443; x_wconf 74' lang='lat' dir='ltr'><strong><em>Portiusz</em></strong></span> <span class='ocrx_word' id='word_1_31' title='bbox 1542 405 1670 452; x_wconf 75' lang='grc' dir='ltr'><strong><em>ἄθήλη</em></strong></span> 
     </span>
     <span class='ocr_line' id='line_1_5' title="bbox 215 451 1669 507; baseline 0 -21"><span class='ocrx_word' id='word_1_32' title='bbox 215 451 409 507; x_wconf 72' lang='grc' dir='ltr'><strong><em>πολυφών,</em></strong></span> <span class='ocrx_word' id='word_1_33' title='bbox 433 454 599 496; x_wconf 81' lang='grc' dir='ltr'><strong><em>φοῦντα,</em></strong></span> <span class='ocrx_word' id='word_1_34' title='bbox 620 453 829 496; x_wconf 79' lang='lat' dir='ltr'><strong><em>pannicula,</em></strong></span> <span class='ocrx_word' id='word_1_35' title='bbox 863 463 960 495; x_wconf 78' lang='lat' dir='ltr'><strong><em>apex.</em></strong></span> <span class='ocrx_word' id='word_1_36' title='bbox 1005 452 1093 486; x_wconf 87' lang='lat' dir='ltr'><strong><em>idem</em></strong></span> <span class='ocrx_word' id='word_1_37' title='bbox 1115 463 1197 486; x_wconf 86' lang='lat' dir='ltr'><strong><em>vero</em></strong></span> <span class='ocrx_word' id='word_1_38' title='bbox 1220 462 1321 487; x_wconf 85' lang='lat' dir='ltr'><strong><em>sensu</em></strong></span> <span class='ocrx_word' id='word_1_39' title='bbox 1344 454 1462 496; x_wconf 77' lang='lat' dir='ltr'><strong><em>tenes,</em></strong></span> <span class='ocrx_word' id='word_1_40' title='bbox 1489 453 1563 488; x_wconf 77' lang='lat' dir='ltr'><strong><em>sive</em></strong></span> <span class='ocrx_word' id='word_1_41' title='bbox 1583 465 1669 488; x_wconf 82' lang='grc' dir='ltr'><strong><em>του-</em></strong></span> 
     </span>
     <span class='ocr_line' id='line_1_6' title="bbox 217 497 1668 543; baseline 0.001 -12"><span class='ocrx_word' id='word_1_42' title='bbox 217 510 294 541; x_wconf 72' lang='lat' dir='ltr'><strong><em>«pom</em></strong></span> <span class='ocrx_word' id='word_1_43' title='bbox 317 498 390 532; x_wconf 79' lang='lat' dir='ltr'><strong><em>sive</em></strong></span> <span class='ocrx_word' id='word_1_44' title='bbox 413 499 579 542; x_wconf 83' lang='grc' dir='ltr'><strong><em>φοῦνταν</em></strong></span> <span class='ocrx_word' id='word_1_45' title='bbox 602 497 657 531; x_wconf 84' lang='lat' dir='ltr'><strong><em>vel</em></strong></span> <span class='ocrx_word' id='word_1_46' title='bbox 682 497 826 539; x_wconf 81' lang='grc' dir='ltr'><strong><em>φοῦταν</em></strong></span> <span class='ocrx_word' id='word_1_47' title='bbox 849 497 962 540; x_wconf 77' lang='lat' dir='ltr'><strong><em>dicas5</em></strong></span> <span class='ocrx_word' id='word_1_48' title='bbox 994 497 1087 532; x_wconf 82' lang='lat' dir='ltr'><strong><em>cuius</em></strong></span> <span class='ocrx_word' id='word_1_49' title='bbox 1116 502 1221 532; x_wconf 76' lang='lat' dir='ltr'><strong><em>testes</em></strong></span> <span class='ocrx_word' id='word_1_50' title='bbox 1255 501 1335 531; x_wconf 84' lang='lat' dir='ltr'><strong><em>sunt</em></strong></span> <span class='ocrx_word' id='word_1_51' title='bbox 1356 497 1472 532; x_wconf 80' lang='lat' dir='ltr'><strong><em>variae</em></strong></span> <span class='ocrx_word' id='word_1_52' title='bbox 1493 498 1668 543; x_wconf 73' lang='lat' dir='ltr'><strong><em>lectiones,</em></strong></span> 
     </span>
     <span class='ocr_line' id='line_1_7' title="bbox 217 543 1670 588; baseline 0.001 -12"><span class='ocrx_word' id='word_1_53' title='bbox 217 549 286 578; x_wconf 85' lang='lat' dir='ltr'><strong><em>tum</em></strong></span> <span class='ocrx_word' id='word_1_54' title='bbox 313 548 449 578; x_wconf 79' lang='lat' dir='ltr'><strong><em>nostrae</em></strong></span> <span class='ocrx_word' id='word_1_55' title='bbox 472 555 513 578; x_wconf 89' lang='lat' dir='ltr'><strong><em>eo</em></strong></span> <span class='ocrx_word' id='word_1_56' title='bbox 536 554 635 588; x_wconf 89' lang='lat' dir='ltr'><strong><em>quem</em></strong></span> <span class='ocrx_word' id='word_1_57' title='bbox 657 545 837 578; x_wconf 78' lang='lat' dir='ltr'><strong>tractamus</strong></span> <span class='ocrx_word' id='word_1_58' title='bbox 859 543 947 587; x_wconf 85' lang='lat' dir='ltr'><strong><em>loco,</em></strong></span> <span class='ocrx_word' id='word_1_59' title='bbox 970 546 1040 578; x_wconf 82' lang='lat' dir='ltr'><strong><em>tum</em></strong></span> <span class='ocrx_word' id='word_1_60' title='bbox 1061 543 1222 578; x_wconf 79' lang='lat' dir='ltr'><strong><em>Iunianae</em></strong></span> <span class='ocrx_word' id='word_1_61' title='bbox 1236 554 1258 578; x_wconf 81' lang='lat' dir='ltr'><strong><em>a</em></strong></span> <span class='ocrx_word' id='word_1_62' title='bbox 1277 543 1443 578; x_wconf 74' lang='lat' dir='ltr'><strong><em>Gretsero</em></strong></span> <span class='ocrx_word' id='word_1_63' title='bbox 1457 544 1480 579; x_wconf 92' lang='lat' dir='ltr'><strong><em>l.</em></strong></span> <span class='ocrx_word' id='word_1_64' title='bbox 1498 545 1522 580; x_wconf 82' lang='lat'><strong>2</strong></span> <span class='ocrx_word' id='word_1_65' title='bbox 1540 544 1670 579; x_wconf 80' lang='lat' dir='ltr'><strong>Comm.</strong></span> 
     </span>
     <span class='ocr_line' id='line_1_8' title="bbox 219 589 460 626; baseline 0.004 -4"><span class='ocrx_word' id='word_1_66' title='bbox 219 600 252 626; x_wconf 84' lang='lat' dir='ltr'><strong><em>c.</em></strong></span> <span class='ocrx_word' id='word_1_67' title='bbox 276 589 300 624; x_wconf 81' lang='grc'>4</span> <span class='ocrx_word' id='word_1_68' title='bbox 322 589 460 624; x_wconf 80' lang='lat' dir='ltr'><strong><em>citatae.</em></strong></span> 
     </span>
    </p>

    <p class='ocr_par' dir='ltr' id='par_1_3' title="bbox 328 644 1672 700">
     <span class='ocr_line' id='line_1_9' title="bbox 328 644 1672 700; baseline -0.004 -12"><span class='ocrx_word' id='word_1_69' title='bbox 328 660 365 698; x_wconf 88' lang='lat' dir='ltr'><strong><em>p.</em></strong></span> <span class='ocrx_word' id='word_1_70' title='bbox 391 647 443 690; x_wconf 88' lang='grc'><strong><em>14</em></strong></span> <span class='ocrx_word' id='word_1_71' title='bbox 460 659 494 684; x_wconf 80' lang='lat' dir='ltr'><strong><em>V·</em></strong></span> <span class='ocrx_word' id='word_1_72' title='bbox 515 649 551 688; x_wconf 87' lang='grc'><strong><em>6.</em></strong></span> <span class='ocrx_word' id='word_1_73' title='bbox 586 644 681 699; x_wconf 74' lang='grc' dir='ltr'>μετοέ</span> <span class='ocrx_word' id='word_1_74' title='bbox 710 647 921 700; x_wconf 75' lang='grc' dir='ltr'><strong><em>φοινίκων]</em></strong></span> <span class='ocrx_word' id='word_1_75' title='bbox 951 661 1027 687; x_wconf 83' lang='lat' dir='ltr'><strong><em>cum</em></strong></span> <span class='ocrx_word' id='word_1_76' title='bbox 1055 648 1162 686; x_wconf 75' lang='lat' dir='ltr'><strong><em>ramis</em></strong></span> <span class='ocrx_word' id='word_1_77' title='bbox 1193 647 1351 698; x_wconf 83' lang='lat' dir='ltr'><strong><em>palmae,</em></strong></span> <span class='ocrx_word' id='word_1_78' title='bbox 1377 647 1498 697; x_wconf 89' lang='lat' dir='ltr'><strong><em>inquit</em></strong></span> <span class='ocrx_word' id='word_1_79' title='bbox 1530 645 1672 696; x_wconf 89' lang='lat' dir='ltr'><strong><em>Iunius,</em></strong></span> 
     </span>
    </p>
   </div>
   <div class='ocr_carea' id='block_1_3' title="bbox 217 702 1670 755">
    <p class='ocr_par' dir='ltr' id='par_1_4' title="bbox 217 702 1670 755">
     <span class='ocr_line' id='line_1_10' title="bbox 217 702 1670 755; baseline -0.001 -15"><span class='ocrx_word' id='word_1_80' title='bbox 217 702 286 741; x_wconf 89' lang='lat' dir='ltr'><strong><em>hoc</em></strong></span> <span class='ocrx_word' id='word_1_81' title='bbox 300 707 358 740; x_wconf 85' lang='lat' dir='ltr'><strong><em>est</em></strong></span> <span class='ocrx_word' id='word_1_82' title='bbox 358 705 601 755; x_wconf 79' lang='lat' dir='ltr'><strong><em>,segmenta</em></strong></span> <span class='ocrx_word' id='word_1_83' title='bbox 591 717 760 755; x_wconf 85' lang='lat' dir='ltr'><strong><em>mspersa</em></strong></span> <span class='ocrx_word' id='word_1_84' title='bbox 778 705 941 743; x_wconf 85' lang='lat' dir='ltr'><strong><em>habebat</em></strong></span> <span class='ocrx_word' id='word_1_85' title='bbox 961 705 1155 743; x_wconf 80' lang='lat' dir='ltr'><strong><em>efformata</em></strong></span> <span class='ocrx_word' id='word_1_86' title='bbox 1173 704 1291 742; x_wconf 90' lang='lat' dir='ltr'><strong><em>instar</em></strong></span> <span class='ocrx_word' id='word_1_87' title='bbox 1309 716 1493 742; x_wconf 86' lang='lat' dir='ltr'><strong><em>ramorum</em></strong></span> <span class='ocrx_word' id='word_1_88' title='bbox 1513 702 1670 754; x_wconf 85' lang='lat' dir='ltr'><strong><em>palmae.</em></strong></span> 
     </span>
    </p>
   </div>
   <div class='ocr_carea' id='block_1_4' title="bbox 211 765 1672 1455">
    <p class='ocr_par' dir='ltr' id='par_1_5' title="bbox 214 765 1672 996">
     <span class='ocr_line' id='line_1_11' title="bbox 310 765 1672 822; baseline -0.001 -21"><span class='ocrx_word' id='word_1_89' title='bbox 310 768 356 802; x_wconf 82' lang='lat' dir='ltr'><strong><em>ib.</em></strong></span> <span class='ocrx_word' id='word_1_90' title='bbox 384 781 418 804; x_wconf 87' lang='lat' dir='ltr'><strong><em>v.</em></strong></span> <span class='ocrx_word' id='word_1_91' title='bbox 444 771 478 805; x_wconf 89' lang='lat'><strong><em>7.</em></strong></span> <span class='ocrx_word' id='word_1_92' title='bbox 502 765 689 811; x_wconf 80' lang='grc' dir='ltr'><strong>κόμπωσιν</strong></span> <span class='ocrx_word' id='word_1_93' title='bbox 712 769 838 803; x_wconf 81' lang='lat' dir='ltr'><strong><em>nodum</em></strong></span> <span class='ocrx_word' id='word_1_94' title='bbox 859 780 1051 815; x_wconf 82' lang='lat' dir='ltr'><strong><em>gemmeum</em></strong></span> <span class='ocrx_word' id='word_1_95' title='bbox 1073 769 1224 813; x_wconf 82' lang='lat' dir='ltr'>concipe,</span> <span class='ocrx_word' id='word_1_96' title='bbox 1248 777 1412 813; x_wconf 84' lang='lat' dir='ltr'><strong><em>gemmam</em></strong></span> <span class='ocrx_word' id='word_1_97' title='bbox 1434 778 1555 822; x_wconf 80' lang='lat' dir='ltr'>nempe</span> <span class='ocrx_word' id='word_1_98' title='bbox 1574 766 1672 801; x_wconf 88' lang='lat' dir='ltr'><strong><em>lucu-</em></strong></span> 
     </span>
     <span class='ocr_line' id='line_1_12' title="bbox 215 812 1672 869; baseline 0 -23"><span class='ocrx_word' id='word_1_99' title='bbox 215 813 409 855; x_wconf 81' lang='lat' dir='ltr'><strong><em>lentiorem,</em></strong></span> <span class='ocrx_word' id='word_1_100' title='bbox 452 825 529 869; x_wconf 81' lang='lat' dir='ltr'><strong><em>qua</em></strong></span> <span class='ocrx_word' id='word_1_101' title='bbox 561 814 655 848; x_wconf 83' lang='lat' dir='ltr'><strong><em>velut</em></strong></span> <span class='ocrx_word' id='word_1_102' title='bbox 685 825 705 848; x_wconf 90' lang='lat' dir='ltr'><strong><em>e</em></strong></span> <span class='ocrx_word' id='word_1_103' title='bbox 738 820 858 848; x_wconf 86' lang='lat' dir='ltr'><strong><em>trunco</em></strong></span> <span class='ocrx_word' id='word_1_104' title='bbox 888 816 1115 860; x_wconf 78' lang='lat' dir='ltr'><strong><em>panniculae,</em></strong></span> <span class='ocrx_word' id='word_1_105' title='bbox 1156 814 1348 857; x_wconf 72' lang='grc' dir='ltr'><strong>φοινικιοῦν</strong></span> <span class='ocrx_word' id='word_1_106' title='bbox 1378 812 1461 847; x_wconf 79' lang='lat' dir='ltr'><strong><em>rami</em></strong></span> <span class='ocrx_word' id='word_1_107' title='bbox 1493 812 1672 858; x_wconf 84' lang='lat' dir='ltr'><strong><em>prodeunt.</em></strong></span> 
     </span>
     <span class='ocr_line' id='line_1_13' title="bbox 214 855 1670 916; baseline -0.001 -23"><span class='ocrx_word' id='word_1_108' title='bbox 214 857 353 905; x_wconf 75' lang='grc' dir='ltr'><strong><em>κόμβος</em></strong></span> <span class='ocrx_word' id='word_1_109' title='bbox 382 860 455 894; x_wconf 86' lang='lat' dir='ltr'><strong><em>sive</em></strong></span> <span class='ocrx_word' id='word_1_110' title='bbox 484 857 626 904; x_wconf 81' lang='grc' dir='ltr'><strong><em>κόμπος</em></strong></span> <span class='ocrx_word' id='word_1_111' title='bbox 653 860 781 895; x_wconf 82' lang='lat' dir='ltr'><strong><em>nodum</em></strong></span> <span class='ocrx_word' id='word_1_112' title='bbox 812 860 868 895; x_wconf 83' lang='lat' dir='ltr'><strong><em>vel</em></strong></span> <span class='ocrx_word' id='word_1_113' title='bbox 907 862 1086 916; x_wconf 81' lang='lat' dir='ltr'><strong><em>globulum</em></strong></span> <span class='ocrx_word' id='word_1_114' title='bbox 1127 864 1244 902; x_wconf 78' lang='lat' dir='ltr'><strong><em>sonat,</em></strong></span> <span class='ocrx_word' id='word_1_115' title='bbox 1289 855 1472 914; x_wconf 74' lang='grc' dir='ltr'><strong><em>κομπῶνω</em></strong></span> <span class='ocrx_word' id='word_1_116' title='bbox 1510 858 1670 903; x_wconf 73' lang='lat' dir='ltr'><strong><em>globuloc</em></strong></span> 
     </span>
     <span class='ocr_line' id='line_1_14' title="bbox 215 904 1670 952; baseline 0 -14"><span class='ocrx_word' id='word_1_117' title='bbox 215 906 391 939; x_wconf 78' lang='lat' dir='ltr'><strong><em>committo</em></strong></span> <span class='ocrx_word' id='word_1_118' title='bbox 412 906 508 939; x_wconf 85' lang='lat' dir='ltr'><strong><em>velut</em></strong></span> <span class='ocrx_word' id='word_1_119' title='bbox 540 905 573 939; x_wconf 90' lang='lat' dir='ltr'><strong><em>iu</em></strong></span> <span class='ocrx_word' id='word_1_120' title='bbox 611 905 746 940; x_wconf 83' lang='lat' dir='ltr'><strong><em>fibulas.</em></strong></span> <span class='ocrx_word' id='word_1_121' title='bbox 789 905 989 950; x_wconf 79' lang='grc' dir='ltr'><strong><em>κομπολόγι</em></strong></span> <span class='ocrx_word' id='word_1_122' title='bbox 1018 906 1239 952; x_wconf 81' lang='lat' dir='ltr'><strong><em>globulorum</em></strong></span> <span class='ocrx_word' id='word_1_123' title='bbox 1268 906 1372 940; x_wconf 70' lang='lat' dir='ltr'><strong><em>serice</em></strong></span> <span class='ocrx_word' id='word_1_124' title='bbox 1406 907 1480 949; x_wconf 78' lang='lat' dir='ltr'><strong><em>est,</em></strong></span> <span class='ocrx_word' id='word_1_125' title='bbox 1507 904 1670 950; x_wconf 73' lang='lat' dir='ltr'><strong><em>precaria</em></strong></span> 
     </span>
     <span class='ocr_line' id='line_1_15' title="bbox 215 950 990 996; baseline 0.003 -12"><span class='ocrx_word' id='word_1_126' title='bbox 215 962 351 986; x_wconf 81' lang='lat' dir='ltr'><strong><em>corona.</em></strong></span> <span class='ocrx_word' id='word_1_127' title='bbox 398 950 582 996; x_wconf 78' lang='grc' dir='ltr'><strong>κόμπωσις</strong></span> <span class='ocrx_word' id='word_1_128' title='bbox 603 952 740 996; x_wconf 79' lang='lat' dir='ltr'><strong><em>globuli</em></strong></span> <span class='ocrx_word' id='word_1_129' title='bbox 760 952 990 987; x_wconf 73' lang='lat' dir='ltr'><strong><em>commissura.</em></strong></span> 
     </span>
    </p>

    <p class='ocr_par' dir='ltr' id='par_1_6' title="bbox 211 1007 1671 1455">
     <span class='ocr_line' id='line_1_16' title="bbox 325 1007 1669 1058; baseline -0.001 -11"><span class='ocrx_word' id='word_1_130' title='bbox 325 1009 376 1047; x_wconf 82' lang='lat' dir='ltr'><strong><em>ib.</em></strong></span> <span class='ocrx_word' id='word_1_131' title='bbox 402 1022 435 1047; x_wconf 89' lang='lat' dir='ltr'><strong><em>v.</em></strong></span> <span class='ocrx_word' id='word_1_132' title='bbox 461 1011 498 1049; x_wconf 91' lang='lat'><strong><em>9.</em></strong></span> <span class='ocrx_word' id='word_1_133' title='bbox 549 1007 662 1049; x_wconf 84' lang='grc' dir='ltr'><strong><em>τέντα</em></strong></span> <span class='ocrx_word' id='word_1_134' title='bbox 685 1022 753 1046; x_wconf 88' lang='lat' dir='ltr'><strong><em>seu</em></strong></span> <span class='ocrx_word' id='word_1_135' title='bbox 786 1009 903 1050; x_wconf 81' lang='grc' dir='ltr'><strong><em>τένὸα</em></strong></span> <span class='ocrx_word' id='word_1_136' title='bbox 934 1023 958 1048; x_wconf 90' lang='lat' dir='ltr'><strong><em>a</em></strong></span> <span class='ocrx_word' id='word_1_137' title='bbox 989 1009 1126 1048; x_wconf 86' lang='lat' dir='ltr'><strong><em>Latino</em></strong></span> <span class='ocrx_word' id='word_1_138' title='bbox 1159 1011 1342 1047; x_wconf 83' lang='lat' dir='ltr'><strong><em>tentorium</em></strong></span> <span class='ocrx_word' id='word_1_139' title='bbox 1369 1012 1452 1058; x_wconf 84' lang='lat' dir='ltr'><strong><em>est,</em></strong></span> <span class='ocrx_word' id='word_1_140' title='bbox 1481 1011 1520 1046; x_wconf 90' lang='lat' dir='ltr'><strong><em>et</em></strong></span> <span class='ocrx_word' id='word_1_141' title='bbox 1544 1007 1614 1046; x_wconf 88' lang='lat' dir='ltr'><strong><em>hoc</em></strong></span> <span class='ocrx_word' id='word_1_142' title='bbox 1644 1021 1669 1046; x_wconf 90' lang='lat' dir='ltr'><strong><em>a</em></strong></span> 
     </span>
     <span class='ocr_line' id='line_1_17' title="bbox 213 1062 1670 1116; baseline 0.002 -14"><span class='ocrx_word' id='word_1_143' title='bbox 213 1063 323 1102; x_wconf 75' lang='lat' dir='ltr'><strong><em>tendo.</em></strong></span> <span class='ocrx_word' id='word_1_144' title='bbox 352 1078 423 1102; x_wconf 87' lang='lat' dir='ltr'><strong><em>vox</em></strong></span> <span class='ocrx_word' id='word_1_145' title='bbox 442 1065 479 1103; x_wconf 92' lang='lat' dir='ltr'><strong><em>in</em></strong></span> <span class='ocrx_word' id='word_1_146' title='bbox 502 1065 663 1103; x_wconf 82' lang='lat' dir='ltr'><strong><em>Tacticis</em></strong></span> <span class='ocrx_word' id='word_1_147' title='bbox 683 1065 819 1103; x_wconf 84' lang='lat' dir='ltr'><strong><em>Leonis</em></strong></span> <span class='ocrx_word' id='word_1_148' title='bbox 839 1067 1023 1116; x_wconf 85' lang='lat' dir='ltr'><strong>frequens.</strong></span> <span class='ocrx_word' id='word_1_149' title='bbox 1048 1067 1118 1104; x_wconf 87' lang='lat' dir='ltr'><strong><em>etsi</em></strong></span> <span class='ocrx_word' id='word_1_150' title='bbox 1144 1069 1267 1103; x_wconf 89' lang='lat' dir='ltr'><strong><em>autern</em></strong></span> <span class='ocrx_word' id='word_1_151' title='bbox 1285 1069 1425 1103; x_wconf 86' lang='lat' dir='ltr'><strong><em>certum</em></strong></span> <span class='ocrx_word' id='word_1_152' title='bbox 1449 1068 1508 1102; x_wconf 82' lang='lat' dir='ltr'><strong><em>est</em></strong></span> <span class='ocrx_word' id='word_1_153' title='bbox 1532 1062 1670 1104; x_wconf 80' lang='grc' dir='ltr'><strong><em>τένταν</em></strong></span> 
     </span>
     <span class='ocr_line' id='line_1_18' title="bbox 213 1120 1669 1173; baseline 0.001 -16"><span class='ocrx_word' id='word_1_154' title='bbox 213 1133 295 1158; x_wconf 87' lang='lat' dir='ltr'><strong><em>esse</em></strong></span> <span class='ocrx_word' id='word_1_155' title='bbox 322 1121 454 1159; x_wconf 87' lang='lat' dir='ltr'><strong><em>alicubi</em></strong></span> <span class='ocrx_word' id='word_1_156' title='bbox 479 1125 682 1172; x_wconf 76' lang='lat' dir='ltr'><strong><em>tentorium,</em></strong></span> <span class='ocrx_word' id='word_1_157' title='bbox 700 1135 759 1171; x_wconf 28' lang='lat' dir='ltr'><strong><em>‘an</em></strong></span> <span class='ocrx_word' id='word_1_158' title='bbox 786 1126 911 1160; x_wconf 87' lang='lat' dir='ltr'><strong><em>tamen</em></strong></span> <span class='ocrx_word' id='word_1_159' title='bbox 941 1123 1000 1161; x_wconf 89' lang='lat' dir='ltr'><strong><em>hic</em></strong></span> <span class='ocrx_word' id='word_1_160' title='bbox 1026 1123 1098 1172; x_wconf 80' lang='lat' dir='ltr'><strong><em>sit,</em></strong></span> <span class='ocrx_word' id='word_1_161' title='bbox 1126 1135 1262 1173; x_wconf 85' lang='lat' dir='ltr'><strong>anceps</strong></span> <span class='ocrx_word' id='word_1_162' title='bbox 1288 1121 1495 1159; x_wconf 85' lang='lat' dir='ltr'><strong><em>sententiae</em></strong></span> <span class='ocrx_word' id='word_1_163' title='bbox 1524 1120 1669 1158; x_wconf 86' lang='lat' dir='ltr'><strong><em>haereo.</em></strong></span> 
     </span>
     <span class='ocr_line' id='line_1_19' title="bbox 213 1177 1671 1231; baseline 0.001 -18"><span class='ocrx_word' id='word_1_164' title='bbox 213 1178 304 1226; x_wconf 90' lang='lat' dir='ltr'><strong><em>quid</em></strong></span> <span class='ocrx_word' id='word_1_165' title='bbox 324 1178 421 1214; x_wconf 86' lang='lat' dir='ltr'><strong><em>enim</em></strong></span> <span class='ocrx_word' id='word_1_166' title='bbox 440 1178 510 1214; x_wconf 84' lang='lat' dir='ltr'><strong><em>hoc</em></strong></span> <span class='ocrx_word' id='word_1_167' title='bbox 529 1178 609 1215; x_wconf 87' lang='lat' dir='ltr'><strong><em>loco</em></strong></span> <span class='ocrx_word' id='word_1_168' title='bbox 625 1180 830 1228; x_wconf 79' lang='lat' dir='ltr'><strong><em>tentorium,</em></strong></span> <span class='ocrx_word' id='word_1_169' title='bbox 859 1179 922 1216; x_wconf 89' lang='lat' dir='ltr'><strong><em>ubi</em></strong></span> <span class='ocrx_word' id='word_1_170' title='bbox 941 1180 988 1216; x_wconf 92' lang='lat' dir='ltr'><strong><em>de</em></strong></span> <span class='ocrx_word' id='word_1_171' title='bbox 1013 1179 1116 1231; x_wconf 85' lang='lat' dir='ltr'><strong><em>pileis</em></strong></span> <span class='ocrx_word' id='word_1_172' title='bbox 1136 1179 1273 1215; x_wconf 85' lang='lat' dir='ltr'><strong><em>vestitu</em></strong></span> <span class='ocrx_word' id='word_1_173' title='bbox 1296 1183 1336 1216; x_wconf 85' lang='lat' dir='ltr'><strong><em>et</em></strong></span> <span class='ocrx_word' id='word_1_174' title='bbox 1353 1181 1489 1216; x_wconf 83' lang='lat' dir='ltr'><strong><em>ornatu</em></strong></span> <span class='ocrx_word' id='word_1_175' title='bbox 1507 1177 1671 1227; x_wconf 85' lang='lat' dir='ltr'><strong><em>equestri</em></strong></span> 
     </span>
     <span class='ocr_line' id='line_1_20' title="bbox 214 1232 1671 1286; baseline 0.001 -16"><span class='ocrx_word' id='word_1_176' title='bbox 214 1233 422 1271; x_wconf 81' lang='lat' dir='ltr'><strong><em>officialium</em></strong></span> <span class='ocrx_word' id='word_1_177' title='bbox 440 1234 688 1284; x_wconf 86' lang='lat' dir='ltr'><strong><em>palatinorum</em></strong></span> <span class='ocrx_word' id='word_1_178' title='bbox 705 1233 859 1284; x_wconf 69' lang='lat' dir='ltr'><strong><em>agitur?</em></strong></span> <span class='ocrx_word' id='word_1_179' title='bbox 895 1247 966 1285; x_wconf 87' lang='lat' dir='ltr'><strong><em>ego</em></strong></span> <span class='ocrx_word' id='word_1_180' title='bbox 996 1236 1197 1273; x_wconf 89' lang='lat' dir='ltr'><strong><em>admodum</em></strong></span> <span class='ocrx_word' id='word_1_181' title='bbox 1216 1235 1350 1273; x_wconf 88' lang='lat' dir='ltr'><strong><em>inclino</em></strong></span> <span class='ocrx_word' id='word_1_182' title='bbox 1375 1238 1419 1272; x_wconf 91' lang='lat' dir='ltr'><strong><em>ut</em></strong></span> <span class='ocrx_word' id='word_1_183' title='bbox 1442 1246 1509 1286; x_wconf 87' lang='lat' dir='ltr'><strong><em>per</em></strong></span> <span class='ocrx_word' id='word_1_184' title='bbox 1529 1232 1671 1274; x_wconf 81' lang='grc' dir='ltr'><strong><em>τένταν</em></strong></span> 
     </span>
     <span class='ocr_line' id='line_1_21' title="bbox 212 1288 1671 1340; baseline 0.001 -14"><span class='ocrx_word' id='word_1_185' title='bbox 212 1302 279 1326; x_wconf 86' lang='lat' dir='ltr'><strong><em>seu</em></strong></span> <span class='ocrx_word' id='word_1_186' title='bbox 305 1288 447 1330; x_wconf 83' lang='grc' dir='ltr'><strong><em>τένδαν</em></strong></span> <span class='ocrx_word' id='word_1_187' title='bbox 473 1290 701 1340; x_wconf 81' lang='lat' dir='ltr'><strong><em>intelligatur</em></strong></span> <span class='ocrx_word' id='word_1_188' title='bbox 731 1291 768 1326; x_wconf 92' lang='lat' dir='ltr'><strong><em>id</em></strong></span> <span class='ocrx_word' id='word_1_189' title='bbox 804 1291 906 1339; x_wconf 90' lang='lat' dir='ltr'><strong><em>quod</em></strong></span> <span class='ocrx_word' id='word_1_190' title='bbox 932 1292 1106 1329; x_wconf 84' lang='lat' dir='ltr'>Germani</span> <span class='ocrx_word' id='word_1_191' title='bbox 1133 1295 1267 1329; x_wconf 89' lang='lat' dir='ltr'><strong><em>vocant</em></strong></span> <span class='ocrx_word' id='word_1_192' title='bbox 1293 1291 1358 1329; x_wconf 83' lang='lat' dir='ltr'><strong><em>den</em></strong></span> <span class='ocrx_word' id='word_1_193' title='bbox 1379 1290 1615 1340; x_wconf 76' lang='lat' dir='ltr'><strong><em>sattelbogen,</em></strong></span> <span class='ocrx_word' id='word_1_194' title='bbox 1646 1302 1671 1328; x_wconf 86' lang='lat' dir='ltr'><strong><em>a</em></strong></span> 
     </span>
     <span class='ocr_line' id='line_1_22' title="bbox 211 1345 1670 1398; baseline 0 -16"><span class='ocrx_word' id='word_1_195' title='bbox 211 1347 397 1393; x_wconf 78' lang='lat' dir='ltr'><strong><em>tenend03</em></strong></span> <span class='ocrx_word' id='word_1_196' title='bbox 427 1347 513 1394; x_wconf 90' lang='lat' dir='ltr'><strong><em>quia</em></strong></span> <span class='ocrx_word' id='word_1_197' title='bbox 538 1358 650 1395; x_wconf 87' lang='lat' dir='ltr'><strong><em>eques</em></strong></span> <span class='ocrx_word' id='word_1_198' title='bbox 678 1350 821 1396; x_wconf 86' lang='lat' dir='ltr'><strong><em>partem</em></strong></span> <span class='ocrx_word' id='word_1_199' title='bbox 849 1347 946 1384; x_wconf 87' lang='lat' dir='ltr'><strong><em>illam</em></strong></span> <span class='ocrx_word' id='word_1_200' title='bbox 969 1348 1291 1398; x_wconf 88' lang='lat' dir='ltr'><strong><em>prominentiorem</em></strong></span> <span class='ocrx_word' id='word_1_201' title='bbox 1315 1346 1479 1397; x_wconf 86' lang='lat' dir='ltr'><strong><em>ephippii</em></strong></span> <span class='ocrx_word' id='word_1_202' title='bbox 1500 1345 1670 1384; x_wconf 83' lang='lat' dir='ltr'><strong><em>manibus</em></strong></span> 
     </span>
     <span class='ocr_line' id='line_1_23' title="bbox 212 1402 1671 1455; baseline 0.001 -18"><span class='ocrx_word' id='word_1_203' title='bbox 212 1406 338 1438; x_wconf 77' lang='lat' dir='ltr'><strong><em>tenere</em></strong></span> <span class='ocrx_word' id='word_1_204' title='bbox 352 1402 459 1439; x_wconf 84' lang='lat' dir='ltr'><strong><em>solet.</em></strong></span> <span class='ocrx_word' id='word_1_205' title='bbox 488 1402 518 1439; x_wconf 89' lang='lat' dir='ltr'><strong><em>si</em></strong></span> <span class='ocrx_word' id='word_1_206' title='bbox 539 1402 622 1450; x_wconf 88' lang='lat' dir='ltr'><strong><em>quis</em></strong></span> <span class='ocrx_word' id='word_1_207' title='bbox 642 1407 767 1440; x_wconf 82' lang='lat' dir='ltr'><strong><em>tamen</em></strong></span> <span class='ocrx_word' id='word_1_208' title='bbox 792 1403 831 1439; x_wconf 90' lang='lat' dir='ltr'><strong><em>in</em></strong></span> <span class='ocrx_word' id='word_1_209' title='bbox 860 1404 1019 1442; x_wconf 86' lang='lat' dir='ltr'><strong><em>tentorio</em></strong></span> <span class='ocrx_word' id='word_1_210' title='bbox 1045 1404 1242 1455; x_wconf 84' lang='lat' dir='ltr'><strong><em>persistere</em></strong></span> <span class='ocrx_word' id='word_1_211' title='bbox 1259 1403 1369 1453; x_wconf 83' lang='lat' dir='ltr'><strong><em>velit,</em></strong></span> <span class='ocrx_word' id='word_1_212' title='bbox 1397 1414 1480 1440; x_wconf 90' lang='lat' dir='ltr'><strong><em>cum</em></strong></span> <span class='ocrx_word' id='word_1_213' title='bbox 1503 1414 1548 1441; x_wconf 91' lang='lat' dir='ltr'><strong><em>eo</em></strong></span> <span class='ocrx_word' id='word_1_214' title='bbox 1572 1402 1671 1440; x_wconf 82' lang='lat' dir='ltr'><strong><em>absit</em></strong></span> 
     </span>
    </p>
   </div>
   <div class='ocr_carea' id='block_1_5' title="bbox 214 1457 935 1509">
    <p class='ocr_par' dir='ltr' id='par_1_7' title="bbox 214 1457 935 1509">
     <span class='ocr_line' id='line_1_24' title="bbox 214 1457 935 1509; baseline 0.004 -15"><span class='ocrx_word' id='word_1_215' title='bbox 214 1461 255 1494; x_wconf 86' lang='lat' dir='ltr'><strong><em>ut</em></strong></span> <span class='ocrx_word' id='word_1_216' title='bbox 277 1471 451 1509; x_wconf 84' lang='lat' dir='ltr'><strong><em>pugnem.</em></strong></span> <span class='ocrx_word' id='word_1_217' title='bbox 507 1457 634 1495; x_wconf 88' lang='lat' dir='ltr'><strong><em>Iunius</em></strong></span> <span class='ocrx_word' id='word_1_218' title='bbox 657 1459 766 1496; x_wconf 80' lang='lat' dir='ltr'><strong><em>vertit</em></strong></span> <span class='ocrx_word' id='word_1_219' title='bbox 794 1458 935 1497; x_wconf 76' lang='lat' dir='ltr'><strong><em>tholum.</em></strong></span> 
     </span>
    </p>
   </div>
   <div class='ocr_carea' id='block_1_6' title="bbox 210 1510 1670 1738">
    <p class='ocr_par' dir='ltr' id='par_1_8' title="bbox 210 1510 1670 1738">
     <span class='ocr_line' id='line_1_25' title="bbox 304 1510 1669 1557; baseline 0 -13"><span class='ocrx_word' id='word_1_220' title='bbox 304 1511 414 1546; x_wconf 83' lang='grc' dir='ltr'><strong><em>τέντα</em></strong></span> <span class='ocrx_word' id='word_1_221' title='bbox 443 1513 625 1545; x_wconf 77' lang='lat' dir='ltr'><strong><em>tentorium</em></strong></span> <span class='ocrx_word' id='word_1_222' title='bbox 659 1515 712 1545; x_wconf 78' lang='lat' dir='ltr'><strong><em>est</em></strong></span> <span class='ocrx_word' id='word_1_223' title='bbox 736 1511 893 1553; x_wconf 87' lang='lat' dir='ltr'><strong><em>indubie;</em></strong></span> <span class='ocrx_word' id='word_1_224' title='bbox 929 1523 992 1546; x_wconf 91' lang='lat' dir='ltr'><strong><em>nec</em></strong></span> <span class='ocrx_word' id='word_1_225' title='bbox 1022 1512 1119 1546; x_wconf 89' lang='lat' dir='ltr'><strong><em>modo</em></strong></span> <span class='ocrx_word' id='word_1_226' title='bbox 1151 1515 1265 1546; x_wconf 81' lang='lat' dir='ltr'><strong><em>vestes</em></strong></span> <span class='ocrx_word' id='word_1_227' title='bbox 1298 1515 1335 1546; x_wconf 83' lang='lat' dir='ltr'><strong><em>et</em></strong></span> <span class='ocrx_word' id='word_1_228' title='bbox 1366 1511 1510 1557; x_wconf 80' lang='lat' dir='ltr'><strong><em>pileum,</em></strong></span> <span class='ocrx_word' id='word_1_229' title='bbox 1543 1510 1603 1547; x_wconf 73' lang='lat' dir='ltr'><strong><em>aed</em></strong></span> <span class='ocrx_word' id='word_1_230' title='bbox 1633 1512 1669 1545; x_wconf 77' lang='lat' dir='ltr'><strong><em>et</em></strong></span> 
     </span>
     <span class='ocr_line' id='line_1_26' title="bbox 211 1556 1669 1612; baseline 0 -22"><span class='ocrx_word' id='word_1_231' title='bbox 211 1561 334 1591; x_wconf 82' lang='lat' dir='ltr'><strong><em>cuncta</em></strong></span> <span class='ocrx_word' id='word_1_232' title='bbox 374 1557 432 1590; x_wconf 79' lang='lat' dir='ltr'><strong><em>des</em></strong></span> <span class='ocrx_word' id='word_1_233' title='bbox 420 1561 538 1601; x_wconf 86' lang='lat' dir='ltr'><strong><em>potae</em></strong></span> <span class='ocrx_word' id='word_1_234' title='bbox 586 1556 730 1601; x_wconf 82' lang='lat' dir='ltr'><strong><em>insignia</em></strong></span> <span class='ocrx_word' id='word_1_235' title='bbox 774 1568 992 1612; x_wconf 89' lang='lat' dir='ltr'><strong><em>connexaque</em></strong></span> <span class='ocrx_word' id='word_1_236' title='bbox 1035 1558 1190 1602; x_wconf 79' lang='lat' dir='ltr'>dignitati</span> <span class='ocrx_word' id='word_1_237' title='bbox 1228 1557 1382 1612; x_wconf 79' lang='lat' dir='ltr'><strong><em>symbola</em></strong></span> <span class='ocrx_word' id='word_1_238' title='bbox 1417 1562 1531 1592; x_wconf 78' lang='lat' dir='ltr'><strong><em>textus</em></strong></span> <span class='ocrx_word' id='word_1_239' title='bbox 1567 1568 1669 1591; x_wconf 82' lang='lat' dir='ltr'><strong><em>enar-</em></strong></span> 
     </span>
     <span class='ocr_line' id='line_1_27' title="bbox 212 1598 1670 1658; baseline 0.001 -23"><span class='ocrx_word' id='word_1_240' title='bbox 212 1607 280 1636; x_wconf 82' lang='lat' dir='ltr'><strong><em>rat.</em></strong></span> <span class='ocrx_word' id='word_1_241' title='bbox 328 1602 502 1636; x_wconf 70' lang='lat' dir='ltr'><strong><em>Nicetes</em></strong></span> <span class='ocrx_word' id='word_1_242' title='bbox 493 1614 526 1635; x_wconf 90' lang='grc' dir='ltr'><strong><em>ιιι</em></strong></span> <span class='ocrx_word' id='word_1_243' title='bbox 553 1602 709 1658; x_wconf 70' lang='lat' dir='ltr'><strong><em>Manpele</em></strong></span> <span class='ocrx_word' id='word_1_244' title='bbox 730 1600 1006 1657; x_wconf 83' lang='grc' dir='ltr'><strong><em>1.8·σκηνὴν</em></strong></span> <span class='ocrx_word' id='word_1_245' title='bbox 1015 1598 1212 1647; x_wconf 64' lang='grc' dir='ltr'><strong><em>ἐγκαρσίαις</em></strong></span> <span class='ocrx_word' id='word_1_246' title='bbox 1233 1599 1432 1647; x_wconf 77' lang='grc' dir='ltr'><strong>ὃιατέμνει.</strong></span> <span class='ocrx_word' id='word_1_247' title='bbox 1479 1603 1545 1637; x_wconf 81' lang='lat' dir='ltr'><strong><em>alia</em></strong></span> <span class='ocrx_word' id='word_1_248' title='bbox 1566 1602 1670 1637; x_wconf 82' lang='lat' dir='ltr'><strong><em>lectio</em></strong></span> 
     </span>
     <span class='ocr_line' id='line_1_28' title="bbox 210 1644 1670 1703; baseline 0.001 -22"><span class='ocrx_word' id='word_1_249' title='bbox 210 1647 321 1703; x_wconf 81' lang='grc' dir='ltr'><strong>σχίζει</strong></span> <span class='ocrx_word' id='word_1_250' title='bbox 351 1644 419 1692; x_wconf 79' lang='grc' dir='ltr'><strong><em>τὴν</em></strong></span> <span class='ocrx_word' id='word_1_251' title='bbox 454 1645 587 1681; x_wconf 78' lang='grc' dir='ltr'><strong><em>τένταν</em></strong></span> <span class='ocrx_word' id='word_1_252' title='bbox 625 1644 833 1693; x_wconf 73' lang='grc' dir='ltr'><strong><em>ἐγκαρσίαις.</em></strong></span> <span class='ocrx_word' id='word_1_253' title='bbox 880 1648 966 1682; x_wconf 89' lang='lat' dir='ltr'><strong><em>idem</em></strong></span> <span class='ocrx_word' id='word_1_254' title='bbox 995 1647 1030 1682; x_wconf 87' lang='lat' dir='ltr'><strong><em>in</em></strong></span> <span class='ocrx_word' id='word_1_255' title='bbox 1066 1650 1193 1683; x_wconf 84' lang='lat' dir='ltr'><strong><em>Ioanne</em></strong></span> <span class='ocrx_word' id='word_1_256' title='bbox 1226 1649 1418 1683; x_wconf 84' lang='lat' dir='ltr'><strong><em>comneno·</em></strong></span> <span class='ocrx_word' id='word_1_257' title='bbox 1451 1645 1521 1689; x_wconf 77' lang='grc' dir='ltr'><strong><em>τὰς</em></strong></span> <span class='ocrx_word' id='word_1_258' title='bbox 1541 1644 1670 1688; x_wconf 75' lang='grc' dir='ltr'><strong><em>τέντας</em></strong></span> 
     </span>
     <span class='ocr_line' id='line_1_29' title="bbox 211 1689 1155 1738; baseline 0.002 -12"><span class='ocrx_word' id='word_1_259' title='bbox 211 1689 335 1727; x_wconf 79' lang='grc' dir='ltr'><strong><em>αὐτῶν</em></strong></span> <span class='ocrx_word' id='word_1_260' title='bbox 355 1689 469 1728; x_wconf 58' lang='lat' dir='ltr'><strong><em>lust}</em></strong></span> <span class='ocrx_word' id='word_1_261' title='bbox 455 1691 620 1737; x_wconf 65' lang='grc' dir='ltr'><strong><em>ἔστησαν.</em></strong></span> <span class='ocrx_word' id='word_1_262' title='bbox 667 1694 711 1727; x_wconf 90' lang='lat' dir='ltr'><strong><em>ab</em></strong></span> <span class='ocrx_word' id='word_1_263' title='bbox 735 1694 786 1727; x_wconf 88' lang='lat' dir='ltr'><strong><em>his</em></strong></span> <span class='ocrx_word' id='word_1_264' title='bbox 811 1693 952 1728; x_wconf 82' lang='lat' dir='ltr'><strong><em>diversa</em></strong></span> <span class='ocrx_word' id='word_1_265' title='bbox 972 1694 1155 1738; x_wconf 81' lang='lat' dir='ltr'><strong><em>Rigaltius.</em></strong></span> 
     </span>
    </p>
   </div>
   <div class='ocr_carea' id='block_1_7' title="bbox 211 1736 1671 2464">
    <p class='ocr_par' dir='ltr' id='par_1_9' title="bbox 211 1736 1671 2464">
     <span class='ocr_line' id='line_1_30' title="bbox 267 1736 1671 1791; baseline -0.001 -12"><span class='ocrx_word' id='word_1_266' title='bbox 267 1742 357 1779; x_wconf 82' lang='lat' dir='ltr'><em>ibid.</em></span> <span class='ocrx_word' id='word_1_267' title='bbox 417 1736 658 1791; x_wconf 78' lang='grc' dir='ltr'><strong><em>οῗετόπουλα,</em></strong></span> <span class='ocrx_word' id='word_1_268' title='bbox 692 1742 731 1778; x_wconf 93' lang='lat' dir='ltr'><strong><em>id</em></strong></span> <span class='ocrx_word' id='word_1_269' title='bbox 757 1746 815 1779; x_wconf 88' lang='lat' dir='ltr'><strong><em>est</em></strong></span> <span class='ocrx_word' id='word_1_270' title='bbox 838 1738 958 1782; x_wconf 76' lang='grc' dir='ltr'><strong><em>αετοί,</em></strong></span> <span class='ocrx_word' id='word_1_271' title='bbox 1015 1743 1226 1781; x_wconf 78' lang='lat' dir='ltr'><strong><em>Graecorum</em></strong></span> <span class='ocrx_word' id='word_1_272' title='bbox 1257 1742 1485 1781; x_wconf 79' lang='lat' dir='ltr'><strong><em>recentiorum</em></strong></span> <span class='ocrx_word' id='word_1_273' title='bbox 1518 1745 1570 1780; x_wconf 71' lang='lat' dir='ltr'><strong><em>est</em></strong></span> <span class='ocrx_word' id='word_1_274' title='bbox 1600 1744 1671 1778; x_wconf 78' lang='lat' dir='ltr'><strong><em>ter-</em></strong></span> 
     </span>
     <span class='ocr_line' id='line_1_31' title="bbox 211 1797 1668 1850; baseline 0.001 -17"><span class='ocrx_word' id='word_1_275' title='bbox 211 1799 360 1835; x_wconf 73' lang='lat' dir='ltr'><strong><em>minatio</em></strong></span> <span class='ocrx_word' id='word_1_276' title='bbox 378 1800 525 1845; x_wconf 85' lang='grc' dir='ltr'><strong><em>πουλος</em></strong></span> <span class='ocrx_word' id='word_1_277' title='bbox 544 1801 582 1835; x_wconf 86' lang='lat' dir='ltr'><strong><em>et</em></strong></span> <span class='ocrx_word' id='word_1_278' title='bbox 602 1800 753 1838; x_wconf 83' lang='grc' dir='ltr'><strong><em>πουλον</em></strong></span> <span class='ocrx_word' id='word_1_279' title='bbox 772 1801 810 1836; x_wconf 86' lang='lat' dir='ltr'><strong><em>et</em></strong></span> <span class='ocrx_word' id='word_1_280' title='bbox 825 1801 978 1846; x_wconf 83' lang='grc' dir='ltr'><strong><em>πωλος,</em></strong></span> <span class='ocrx_word' id='word_1_281' title='bbox 998 1800 1090 1837; x_wconf 74' lang='lat' dir='ltr'><strong><em>nihil</em></strong></span> <span class='ocrx_word' id='word_1_282' title='bbox 1101 1803 1282 1850; x_wconf 82' lang='lat' dir='ltr'><strong><em>practerea</em></strong></span> <span class='ocrx_word' id='word_1_283' title='bbox 1301 1799 1528 1849; x_wconf 63' lang='grc' dir='ltr'><strong><em>είςηῇὶοαηε,</em></strong></span> <span class='ocrx_word' id='word_1_284' title='bbox 1546 1797 1668 1846; x_wconf 84' lang='lat' dir='ltr'><strong><em>inquit</em></strong></span> 
     </span>
     <span class='ocr_line' id='line_1_32' title="bbox 213 1851 1668 1922; baseline 0.002 -33"><span class='ocrx_word' id='word_1_285' title='bbox 213 1852 357 1891; x_wconf 88' lang='lat' dir='ltr'><strong><em>lunius.</em></strong></span> <span class='ocrx_word' id='word_1_286' title='bbox 389 1855 441 1891; x_wconf 77' lang='lat' dir='ltr'><strong><em>sic</em></strong></span> <span class='ocrx_word' id='word_1_287' title='bbox 459 1867 502 1891; x_wconf 76' lang='lat' dir='ltr'><strong><em>ex</em></strong></span> <span class='ocrx_word' id='word_1_288' title='bbox 520 1855 653 1892; x_wconf 76' lang='lat' dir='ltr'><strong><em>nomine</em></strong></span> <span class='ocrx_word' id='word_1_289' title='bbox 673 1851 806 1922; x_wconf 71' lang='grc' dir='ltr'><em>ἅρχων</em></span> <span class='ocrx_word' id='word_1_290' title='bbox 818 1856 871 1905; x_wconf 83' lang='lat' dir='ltr'><strong><em>fit</em></strong></span> <span class='ocrx_word' id='word_1_291' title='bbox 890 1851 1224 1906; x_wconf 72' lang='grc' dir='ltr'><strong><em>ἄρχοντόπουλος,</em></strong></span> <span class='ocrx_word' id='word_1_292' title='bbox 1249 1867 1293 1892; x_wconf 74' lang='lat' dir='ltr'><strong><em>ex</em></strong></span> <span class='ocrx_word' id='word_1_293' title='bbox 1310 1856 1443 1892; x_wconf 79' lang='lat' dir='ltr'><strong><em>nomine</em></strong></span> <span class='ocrx_word' id='word_1_294' title='bbox 1458 1857 1553 1900; x_wconf 82' lang='grc' dir='ltr'><strong><em>παῖς</em></strong></span> <span class='ocrx_word' id='word_1_295' title='bbox 1573 1867 1668 1892; x_wconf 81' lang='grc' dir='ltr'><strong>παι-</strong></span> 
     </span>
     <span class='ocr_line' id='line_1_33' title="bbox 211 1904 1668 1961; baseline 0.001 -15"><span class='ocrx_word' id='word_1_296' title='bbox 211 1906 428 1955; x_wconf 78' lang='grc' dir='ltr'><strong><em>ὁόπουλος,</em></strong></span> <span class='ocrx_word' id='word_1_297' title='bbox 452 1922 495 1947; x_wconf 76' lang='lat' dir='ltr'><strong><em>ex</em></strong></span> <span class='ocrx_word' id='word_1_298' title='bbox 525 1904 727 1961; x_wconf 78' lang='grc' dir='ltr'><strong><em>αυθέντης</em></strong></span> <span class='ocrx_word' id='word_1_299' title='bbox 752 1905 1079 1958; x_wconf 75' lang='grc' dir='ltr'><strong><em>αὕθεντόπουλος</em></strong></span> <span class='ocrx_word' id='word_1_300' title='bbox 1100 1940 1110 1958; x_wconf 90' lang='grc'><em>,</em></span> <span class='ocrx_word' id='word_1_301' title='bbox 1139 1924 1182 1948; x_wconf 77' lang='lat' dir='ltr'><strong><em>ex</em></strong></span> <span class='ocrx_word' id='word_1_302' title='bbox 1210 1907 1395 1960; x_wconf 83' lang='grc' dir='ltr'><strong><em>Τουρκὸς</em></strong></span> <span class='ocrx_word' id='word_1_303' title='bbox 1415 1904 1668 1960; x_wconf 78' lang='grc' dir='ltr'><strong><em>Τουρκόπου-</em></strong></span> 
     </span>
     <span class='ocr_line' id='line_1_34' title="bbox 213 1964 1668 2014; baseline -0.002 -11"><span class='ocrx_word' id='word_1_304' title='bbox 213 1967 302 2013; x_wconf 83' lang='grc' dir='ltr'><strong><em>λος,</em></strong></span> <span class='ocrx_word' id='word_1_305' title='bbox 330 1978 374 2002; x_wconf 75' lang='lat' dir='ltr'><strong><em>ex</em></strong></span> <span class='ocrx_word' id='word_1_306' title='bbox 391 1965 555 2003; x_wconf 78' lang='lat' dir='ltr'><strong><em>Francus</em></strong></span> <span class='ocrx_word' id='word_1_307' title='bbox 575 1964 814 2014; x_wconf 83' lang='lat' dir='ltr'><strong><em>Francopulus</em></strong></span> <span class='ocrx_word' id='word_1_308' title='bbox 838 1971 910 2006; x_wconf 86' lang='lat' dir='ltr'><strong><em>ete.</em></strong></span> <span class='ocrx_word' id='word_1_309' title='bbox 937 1967 1006 2004; x_wconf 87' lang='lat' dir='ltr'><strong><em>etsi</em></strong></span> <span class='ocrx_word' id='word_1_310' title='bbox 1020 1970 1144 2003; x_wconf 87' lang='lat' dir='ltr'><strong><em>autem</em></strong></span> <span class='ocrx_word' id='word_1_311' title='bbox 1158 1978 1283 2003; x_wconf 87' lang='lat' dir='ltr'><strong><em>verum</em></strong></span> <span class='ocrx_word' id='word_1_312' title='bbox 1301 1965 1351 2002; x_wconf 87' lang='lat' dir='ltr'><strong><em>sit</em></strong></span> <span class='ocrx_word' id='word_1_313' title='bbox 1373 1965 1668 2002; x_wconf 84' lang='lat' dir='ltr'><strong><em>terminationem</em></strong></span> 
     </span>
     <span class='ocr_line' id='line_1_35' title="bbox 211 2020 1667 2070; baseline 0.001 -15"><span class='ocrx_word' id='word_1_314' title='bbox 211 2020 320 2057; x_wconf 88' lang='lat' dir='ltr'><strong><em>istam</em></strong></span> <span class='ocrx_word' id='word_1_315' title='bbox 338 2020 554 2070; x_wconf 86' lang='lat' dir='ltr'><strong><em>plerumque</em></strong></span> <span class='ocrx_word' id='word_1_316' title='bbox 575 2021 663 2057; x_wconf 88' lang='lat' dir='ltr'><strong><em>nihil</em></strong></span> <span class='ocrx_word' id='word_1_317' title='bbox 692 2022 948 2069; x_wconf 80' lang='lat' dir='ltr'><strong><em>significationi</em></strong></span> <span class='ocrx_word' id='word_1_318' title='bbox 973 2023 1131 2070; x_wconf 84' lang='lat' dir='ltr'><strong><em>addere,</em></strong></span> <span class='ocrx_word' id='word_1_319' title='bbox 1159 2022 1343 2058; x_wconf 86' lang='lat' dir='ltr'><strong><em>interdum</em></strong></span> <span class='ocrx_word' id='word_1_320' title='bbox 1374 2024 1498 2058; x_wconf 82' lang='lat' dir='ltr'><strong><em>tamen</em></strong></span> <span class='ocrx_word' id='word_1_321' title='bbox 1521 2020 1667 2057; x_wconf 87' lang='lat' dir='ltr'><strong><em>videtur</em></strong></span> 
     </span>
     <span class='ocr_line' id='line_1_36' title="bbox 212 2073 1667 2127; baseline 0.001 -15"><span class='ocrx_word' id='word_1_322' title='bbox 212 2076 347 2113; x_wconf 81' lang='lat' dir='ltr'><strong><em>habere</em></strong></span> <span class='ocrx_word' id='word_1_323' title='bbox 372 2076 444 2112; x_wconf 86' lang='lat' dir='ltr'><strong><em>vim</em></strong></span> <span class='ocrx_word' id='word_1_324' title='bbox 473 2076 680 2125; x_wconf 73' lang='lat' dir='ltr'><strong><em>minuendi,</em></strong></span> <span class='ocrx_word' id='word_1_325' title='bbox 722 2081 761 2112; x_wconf 83' lang='lat' dir='ltr'><strong><em>ut</em></strong></span> <span class='ocrx_word' id='word_1_326' title='bbox 796 2077 833 2113; x_wconf 87' lang='lat' dir='ltr'><strong><em>in</em></strong></span> <span class='ocrx_word' id='word_1_327' title='bbox 865 2073 1204 2127; x_wconf 71' lang='grc' dir='ltr'><strong><em>ἅρχοντόπουλον,</em></strong></span> <span class='ocrx_word' id='word_1_328' title='bbox 1243 2077 1394 2124; x_wconf 85' lang='lat' dir='ltr'><strong><em>quando</em></strong></span> <span class='ocrx_word' id='word_1_329' title='bbox 1420 2088 1575 2126; x_wconf 89' lang='lat' dir='ltr'><strong><em>puerum</em></strong></span> <span class='ocrx_word' id='word_1_330' title='bbox 1600 2089 1667 2113; x_wconf 85' lang='lat' dir='ltr'><strong><em>seu</em></strong></span> 
     </span>
     <span class='ocr_line' id='line_1_37' title="bbox 212 2131 1667 2183; baseline -0.001 -14"><span class='ocrx_word' id='word_1_331' title='bbox 212 2132 396 2182; x_wconf 84' lang='lat' dir='ltr'><strong><em>ephebum</em></strong></span> <span class='ocrx_word' id='word_1_332' title='bbox 424 2131 661 2169; x_wconf 78' lang='lat' dir='ltr'><strong><em>honorariiun</em></strong></span> <span class='ocrx_word' id='word_1_333' title='bbox 691 2132 900 2180; x_wconf 83' lang='lat' dir='ltr'><strong><em>significat;</em></strong></span> <span class='ocrx_word' id='word_1_334' title='bbox 941 2144 1015 2180; x_wconf 92' lang='lat' dir='ltr'><strong><em>qua</em></strong></span> <span class='ocrx_word' id='word_1_335' title='bbox 1051 2133 1203 2170; x_wconf 87' lang='lat' dir='ltr'><strong><em>notione</em></strong></span> <span class='ocrx_word' id='word_1_336' title='bbox 1235 2144 1348 2183; x_wconf 87' lang='lat' dir='ltr'><strong><em>saepe</em></strong></span> <span class='ocrx_word' id='word_1_337' title='bbox 1380 2132 1538 2170; x_wconf 83' lang='lat' dir='ltr'><strong><em>occurrit</em></strong></span> <span class='ocrx_word' id='word_1_338' title='bbox 1565 2132 1667 2183; x_wconf 88' lang='lat' dir='ltr'><strong><em>apud</em></strong></span> 
     </span>
     <span class='ocr_line' id='line_1_38' title="bbox 212 2187 1667 2240; baseline 0.001 -15"><span class='ocrx_word' id='word_1_339' title='bbox 212 2188 416 2226; x_wconf 90' lang='lat' dir='ltr'><strong><em>Codinum:</em></strong></span> <span class='ocrx_word' id='word_1_340' title='bbox 454 2200 530 2225; x_wconf 90' lang='lat' dir='ltr'><strong><em>non</em></strong></span> <span class='ocrx_word' id='word_1_341' title='bbox 563 2188 659 2225; x_wconf 85' lang='lat' dir='ltr'><strong><em>enim</em></strong></span> <span class='ocrx_word' id='word_1_342' title='bbox 694 2192 783 2224; x_wconf 87' lang='lat' dir='ltr'><strong><em>tunc</em></strong></span> <span class='ocrx_word' id='word_1_343' title='bbox 802 2187 985 2237; x_wconf 82' lang='lat' dir='ltr'><strong><em>significat</em></strong></span> <span class='ocrx_word' id='word_1_344' title='bbox 1008 2191 1202 2240; x_wconf 73' lang='lat' dir='ltr'><strong><em>principem</em></strong></span> <span class='ocrx_word' id='word_1_345' title='bbox 1220 2201 1287 2226; x_wconf 84' lang='lat' dir='ltr'><strong><em>seu</em></strong></span> <span class='ocrx_word' id='word_1_346' title='bbox 1309 2190 1424 2226; x_wconf 76' lang='lat' dir='ltr'><strong><em>virum</em></strong></span> <span class='ocrx_word' id='word_1_347' title='bbox 1442 2190 1667 2239; x_wconf 79' lang='lat' dir='ltr'><strong><em>primarium,</em></strong></span> 
     </span>
     <span class='ocr_line' id='line_1_39' title="bbox 211 2240 1668 2295; baseline 0 -14"><span class='ocrx_word' id='word_1_348' title='bbox 211 2248 255 2282; x_wconf 86' lang='lat' dir='ltr'><strong><em>ut</em></strong></span> <span class='ocrx_word' id='word_1_349' title='bbox 273 2244 428 2294; x_wconf 85' lang='lat' dir='ltr'><strong><em>simplex</em></strong></span> <span class='ocrx_word' id='word_1_350' title='bbox 454 2242 671 2282; x_wconf 87' lang='lat' dir='ltr'><strong><em>vocabulum</em></strong></span> <span class='ocrx_word' id='word_1_351' title='bbox 699 2240 851 2295; x_wconf 74' lang='grc' dir='ltr'><em>ἅρχων,</em></span> <span class='ocrx_word' id='word_1_352' title='bbox 882 2245 949 2280; x_wconf 87' lang='lat' dir='ltr'><strong><em>sed</em></strong></span> <span class='ocrx_word' id='word_1_353' title='bbox 972 2257 1148 2294; x_wconf 83' lang='lat' dir='ltr'><strong><em>puerum,</em></strong></span> <span class='ocrx_word' id='word_1_354' title='bbox 1175 2249 1214 2282; x_wconf 87' lang='lat' dir='ltr'><strong><em>et</em></strong></span> <span class='ocrx_word' id='word_1_355' title='bbox 1233 2245 1381 2294; x_wconf 89' lang='lat' dir='ltr'><strong><em>quidem</em></strong></span> <span class='ocrx_word' id='word_1_356' title='bbox 1404 2240 1578 2294; x_wconf 73' lang='grc' dir='ltr'><strong><em>οἱσκεπῆ,</em></strong></span> <span class='ocrx_word' id='word_1_357' title='bbox 1602 2244 1668 2294; x_wconf 87' lang='lat' dir='ltr'><strong><em>qui</em></strong></span> 
     </span>
     <span class='ocr_line' id='line_1_40' title="bbox 211 2299 1668 2352; baseline 0 -14"><span class='ocrx_word' id='word_1_358' title='bbox 211 2301 291 2338; x_wconf 87' lang='lat' dir='ltr'><strong><em>sine</em></strong></span> <span class='ocrx_word' id='word_1_359' title='bbox 314 2301 388 2338; x_wconf 90' lang='lat' dir='ltr'><strong><em>ullo</em></strong></span> <span class='ocrx_word' id='word_1_360' title='bbox 411 2299 506 2350; x_wconf 88' lang='lat' dir='ltr'><strong><em>pileo</em></strong></span> <span class='ocrx_word' id='word_1_361' title='bbox 526 2299 583 2338; x_wconf 88' lang='lat' dir='ltr'><strong><em>vel</em></strong></span> <span class='ocrx_word' id='word_1_362' title='bbox 611 2300 742 2351; x_wconf 86' lang='lat' dir='ltr'><strong><em>capitis</em></strong></span> <span class='ocrx_word' id='word_1_363' title='bbox 762 2303 979 2349; x_wconf 84' lang='lat' dir='ltr'><strong><em>tegumento</em></strong></span> <span class='ocrx_word' id='word_1_364' title='bbox 1010 2301 1048 2337; x_wconf 90' lang='lat' dir='ltr'><strong><em>in</em></strong></span> <span class='ocrx_word' id='word_1_365' title='bbox 1074 2301 1213 2352; x_wconf 89' lang='lat' dir='ltr'><strong><em>palatio</em></strong></span> <span class='ocrx_word' id='word_1_366' title='bbox 1241 2304 1420 2339; x_wconf 88' lang='lat' dir='ltr'><strong><em>versatur.</em></strong></span> <span class='ocrx_word' id='word_1_367' title='bbox 1449 2301 1551 2352; x_wconf 89' lang='lat' dir='ltr'><strong><em>apud</em></strong></span> <span class='ocrx_word' id='word_1_368' title='bbox 1574 2313 1668 2338; x_wconf 90' lang='lat' dir='ltr'><strong><em>non-</em></strong></span> 
     </span>
     <span class='ocr_line' id='line_1_41' title="bbox 212 2354 1668 2407; baseline 0.001 -14"><span class='ocrx_word' id='word_1_369' title='bbox 212 2357 331 2394; x_wconf 86' lang='lat' dir='ltr'><strong><em>nullos</em></strong></span> <span class='ocrx_word' id='word_1_370' title='bbox 352 2357 556 2394; x_wconf 83' lang='lat' dir='ltr'><strong><em>Germanos</em></strong></span> <span class='ocrx_word' id='word_1_371' title='bbox 577 2354 681 2394; x_wconf 79' lang='lat' dir='ltr'><strong><em>Peter</em></strong></span> <span class='ocrx_word' id='word_1_372' title='bbox 702 2355 867 2405; x_wconf 81' lang='lat' dir='ltr'><strong><em>(Petrus)</em></strong></span> <span class='ocrx_word' id='word_1_373' title='bbox 883 2360 941 2393; x_wconf 87' lang='lat' dir='ltr'><strong><em>est</em></strong></span> <span class='ocrx_word' id='word_1_374' title='bbox 962 2356 1192 2405; x_wconf 77' lang='lat' dir='ltr'><strong><em>Petermann3</em></strong></span> <span class='ocrx_word' id='word_1_375' title='bbox 1220 2357 1284 2394; x_wconf 90' lang='lat' dir='ltr'><strong><em>ubi</em></strong></span> <span class='ocrx_word' id='word_1_376' title='bbox 1308 2357 1464 2407; x_wconf 87' lang='lat' dir='ltr'><strong><em>adjectio</em></strong></span> <span class='ocrx_word' id='word_1_377' title='bbox 1482 2356 1545 2394; x_wconf 85' lang='lat' dir='ltr'><strong><em>illa</em></strong></span> <span class='ocrx_word' id='word_1_378' title='bbox 1561 2369 1668 2395; x_wconf 80' lang='lat' dir='ltr'><strong><em>mann</em></strong></span> 
     </span>
     <span class='ocr_line' id='line_1_42' title="bbox 213 2411 1666 2464; baseline -0.001 -14"><span class='ocrx_word' id='word_1_379' title='bbox 213 2413 302 2450; x_wconf 86' lang='lat' dir='ltr'><strong><em>nihil</em></strong></span> <span class='ocrx_word' id='word_1_380' title='bbox 319 2413 467 2464; x_wconf 87' lang='lat' dir='ltr'><strong><em>penitus</em></strong></span> <span class='ocrx_word' id='word_1_381' title='bbox 493 2413 542 2450; x_wconf 81' lang='lat' dir='ltr'><strong><em>ad</em></strong></span> <span class='ocrx_word' id='word_1_382' title='bbox 560 2411 862 2462; x_wconf 88' lang='lat' dir='ltr'><strong><em>significationem</em></strong></span> <span class='ocrx_word' id='word_1_383' title='bbox 890 2413 1034 2462; x_wconf 83' lang='lat' dir='ltr'><strong><em>adiicit,</em></strong></span> <span class='ocrx_word' id='word_1_384' title='bbox 1066 2413 1152 2462; x_wconf 88' lang='lat' dir='ltr'><strong><em>quia</em></strong></span> <span class='ocrx_word' id='word_1_385' title='bbox 1179 2414 1276 2451; x_wconf 89' lang='lat' dir='ltr'><strong><em>idem</em></strong></span> <span class='ocrx_word' id='word_1_386' title='bbox 1303 2426 1454 2464; x_wconf 90' lang='lat' dir='ltr'><strong><em>prorsus</em></strong></span> <span class='ocrx_word' id='word_1_387' title='bbox 1482 2416 1541 2451; x_wconf 85' lang='lat' dir='ltr'><strong><em>est</em></strong></span> <span class='ocrx_word' id='word_1_388' title='bbox 1564 2412 1666 2462; x_wconf 90' lang='lat' dir='ltr'><strong><em>quod</em></strong></span> 
     </span>
    </p>
   </div>
   <div class='ocr_carea' id='block_1_8' title="bbox 211 2465 1665 2886">
    <p class='ocr_par' dir='ltr' id='par_1_10' title="bbox 215 2465 1497 2531">
     <span class='ocr_line' id='line_1_43' title="bbox 215 2465 1497 2531; baseline 0.001 -24"><span class='ocrx_word' id='word_1_389' title='bbox 215 2469 329 2507; x_wconf 85' lang='lat' dir='ltr'><strong><em>Peter.</em></strong></span> <span class='ocrx_word' id='word_1_390' title='bbox 357 2470 454 2506; x_wconf 83' lang='lat' dir='ltr'><strong><em>forte</em></strong></span> <span class='ocrx_word' id='word_1_391' title='bbox 473 2471 595 2506; x_wconf 81' lang='lat' dir='ltr'><strong><em>autem</em></strong></span> <span class='ocrx_word' id='word_1_392' title='bbox 617 2468 814 2518; x_wconf 86' lang='lat' dir='ltr'><strong><em>legendum</em></strong></span> <span class='ocrx_word' id='word_1_393' title='bbox 836 2465 1087 2508; x_wconf 80' lang='grc' dir='ltr'><strong><em>οἷετοπούλων</em></strong></span> <span class='ocrx_word' id='word_1_394' title='bbox 1107 2469 1280 2531; x_wconf 78' lang='grc' dir='ltr'><strong><em>γέμουσα</em></strong></span> <span class='ocrx_word' id='word_1_395' title='bbox 1299 2470 1497 2523; x_wconf 81' lang='grc' dir='ltr'><strong><em>ἐρυθρων.</em></strong></span> 
     </span>
    </p>

    <p class='ocr_par' dir='ltr' id='par_1_11' title="bbox 211 2521 1665 2795">
     <span class='ocr_line' id='line_1_44' title="bbox 304 2521 1663 2562; baseline -0.001 -6"><span class='ocrx_word' id='word_1_396' title='bbox 304 2522 390 2556; x_wconf 78' lang='lat' dir='ltr'><strong><em>ibid.</em></strong></span> <span class='ocrx_word' id='word_1_397' title='bbox 437 2521 533 2556; x_wconf 83' lang='lat' dir='ltr'><strong><em>vocis</em></strong></span> <span class='ocrx_word' id='word_1_398' title='bbox 556 2521 678 2562; x_wconf 79' lang='grc' dir='ltr'><strong><em>πῶλος</em></strong></span> <span class='ocrx_word' id='word_1_399' title='bbox 697 2521 893 2556; x_wconf 81' lang='lat' dir='ltr'><strong><em>adminiculo</em></strong></span> <span class='ocrx_word' id='word_1_400' title='bbox 918 2522 1082 2556; x_wconf 89' lang='lat' dir='ltr'><strong><em>nonnullis</em></strong></span> <span class='ocrx_word' id='word_1_401' title='bbox 1114 2522 1318 2557; x_wconf 84' lang='lat' dir='ltr'><strong><em>diminutivis</em></strong></span> <span class='ocrx_word' id='word_1_402' title='bbox 1350 2522 1535 2556; x_wconf 82' lang='lat' dir='ltr'><strong><em>formandis</em></strong></span> <span class='ocrx_word' id='word_1_403' title='bbox 1563 2524 1663 2554; x_wconf 84' lang='lat' dir='ltr'><strong><em>utun-</em></strong></span> 
     </span>
     <span class='ocr_line' id='line_1_45' title="bbox 213 2566 1665 2622; baseline -0.002 -20"><span class='ocrx_word' id='word_1_404' title='bbox 213 2572 270 2602; x_wconf 85' lang='lat' dir='ltr'><strong><em>tur</em></strong></span> <span class='ocrx_word' id='word_1_405' title='bbox 304 2567 473 2611; x_wconf 84' lang='lat' dir='ltr'><strong><em>hodierni,</em></strong></span> <span class='ocrx_word' id='word_1_406' title='bbox 509 2567 542 2601; x_wconf 90' lang='lat' dir='ltr'><strong><em>in</em></strong></span> <span class='ocrx_word' id='word_1_407' title='bbox 574 2567 683 2601; x_wconf 90' lang='lat' dir='ltr'><strong><em>locum</em></strong></span> <span class='ocrx_word' id='word_1_408' title='bbox 711 2579 740 2601; x_wconf 87' lang='grc' dir='ltr'><em>ω</em></span> <span class='ocrx_word' id='word_1_409' title='bbox 774 2567 956 2601; x_wconf 78' lang='lat' dir='ltr'><strong><em>substituta</em></strong></span> <span class='ocrx_word' id='word_1_410' title='bbox 983 2579 1027 2601; x_wconf 91' lang='grc' dir='ltr'><strong><em>ου</em></strong></span> <span class='ocrx_word' id='word_1_411' title='bbox 1057 2567 1283 2613; x_wconf 84' lang='lat' dir='ltr'><strong><em>diphthongo,</em></strong></span> <span class='ocrx_word' id='word_1_412' title='bbox 1318 2574 1356 2602; x_wconf 86' lang='lat' dir='ltr'><strong><em>ut</em></strong></span> <span class='ocrx_word' id='word_1_413' title='bbox 1385 2579 1505 2622; x_wconf 84' lang='lat' dir='ltr'><strong><em>nuper</em></strong></span> <span class='ocrx_word' id='word_1_414' title='bbox 1519 2566 1554 2600; x_wconf 90' lang='lat' dir='ltr'><strong><em>in</em></strong></span> <span class='ocrx_word' id='word_1_415' title='bbox 1578 2577 1665 2600; x_wconf 81' lang='lat' dir='ltr'><strong><em>voce</em></strong></span> 
     </span>
     <span class='ocr_line' id='line_1_46' title="bbox 212 2594 1661 2669; baseline -0.001 -23"><span class='ocrx_word' id='word_1_416' title='bbox 212 2594 541 2667; x_wconf 80' lang='grc' dir='ltr'><strong><em>πτερνιστόλουρον</em></strong></span> <span class='ocrx_word' id='word_1_417' title='bbox 563 2612 640 2648; x_wconf 86' lang='lat' dir='ltr'><strong><em>vice</em></strong></span> <span class='ocrx_word' id='word_1_418' title='bbox 659 2610 968 2669; x_wconf 81' lang='grc' dir='ltr'><strong><em>πτερνιστόλωρον</em></strong></span> <span class='ocrx_word' id='word_1_419' title='bbox 989 2613 1260 2648; x_wconf 78' lang='lat' dir='ltr'><strong><em>animadvertere</em></strong></span> <span class='ocrx_word' id='word_1_420' title='bbox 1282 2615 1335 2648; x_wconf 73' lang='lat' dir='ltr'><strong><em>fas</em></strong></span> <span class='ocrx_word' id='word_1_421' title='bbox 1358 2613 1433 2648; x_wconf 82' lang='lat' dir='ltr'><strong><em>fuit.</em></strong></span> <span class='ocrx_word' id='word_1_422' title='bbox 1477 2612 1528 2646; x_wconf 75' lang='lat' dir='ltr'><strong><em>sic</em></strong></span> <span class='ocrx_word' id='word_1_423' title='bbox 1549 2623 1661 2666; x_wconf 80' lang='grc' dir='ltr'><strong>κοιιη-</strong></span> 
     </span>
     <span class='ocr_line' id='line_1_47' title="bbox 212 2654 1661 2702; baseline -0.002 -10"><span class='ocrx_word' id='word_1_424' title='bbox 212 2656 397 2692; x_wconf 84' lang='grc' dir='ltr'><strong><em>τόπουλον</em></strong></span> <span class='ocrx_word' id='word_1_425' title='bbox 420 2659 615 2702; x_wconf 90' lang='lat' dir='ltr'><strong><em>Cedrenus,</em></strong></span> <span class='ocrx_word' id='word_1_426' title='bbox 653 2655 955 2702; x_wconf 77' lang='grc' dir='ltr'><strong><em>ὦρολογόπουλον</em></strong></span> <span class='ocrx_word' id='word_1_427' title='bbox 979 2658 1189 2693; x_wconf 84' lang='lat' dir='ltr'><strong><em>doctissimus</em></strong></span> <span class='ocrx_word' id='word_1_428' title='bbox 1213 2660 1374 2700; x_wconf 73' lang='lat' dir='ltr'><strong><em>Allatius,</em></strong></span> <span class='ocrx_word' id='word_1_429' title='bbox 1409 2654 1661 2702; x_wconf 81' lang='grc' dir='ltr'><strong><em>α’ρχοντόπου-</em></strong></span> 
     </span>
     <span class='ocr_line' id='line_1_48' title="bbox 213 2703 1661 2751; baseline -0.001 -13"><span class='ocrx_word' id='word_1_430' title='bbox 213 2705 280 2738; x_wconf 79' lang='grc' dir='ltr'><strong><em>λον</em></strong></span> <span class='ocrx_word' id='word_1_431' title='bbox 302 2703 336 2737; x_wconf 87' lang='lat' dir='ltr'><strong><em>in</em></strong></span> <span class='ocrx_word' id='word_1_432' title='bbox 360 2705 576 2748; x_wconf 82' lang='lat' dir='ltr'><strong><em>sequentibus</em></strong></span> <span class='ocrx_word' id='word_1_433' title='bbox 600 2703 748 2738; x_wconf 85' lang='lat' dir='ltr'><strong><em>Codinus</em></strong></span> <span class='ocrx_word' id='word_1_434' title='bbox 771 2703 952 2749; x_wconf 79' lang='lat' dir='ltr'><strong><em>scripsere,</em></strong></span> <span class='ocrx_word' id='word_1_435' title='bbox 977 2709 1019 2738; x_wconf 81' lang='lat' dir='ltr'><strong><em>ut</em></strong></span> <span class='ocrx_word' id='word_1_436' title='bbox 1033 2705 1133 2747; x_wconf 80' lang='lat' dir='ltr'><strong><em>filios</em></strong></span> <span class='ocrx_word' id='word_1_437' title='bbox 1156 2705 1308 2751; x_wconf 77' lang='lat' dir='ltr'><strong><em>comitis,</em></strong></span> <span class='ocrx_word' id='word_1_438' title='bbox 1336 2704 1499 2749; x_wconf 70' lang='lat' dir='ltr'><strong><em>exiguum</em></strong></span> <span class='ocrx_word' id='word_1_439' title='bbox 1523 2707 1555 2737; x_wconf 77' lang='lat' dir='ltr'><strong><em>et</em></strong></span> <span class='ocrx_word' id='word_1_440' title='bbox 1571 2714 1661 2737; x_wconf 85' lang='lat' dir='ltr'><strong><em>com-</em></strong></span> 
     </span>
     <span class='ocr_line' id='line_1_49' title="bbox 211 2750 1205 2804; baseline 0.001 -20"><span class='ocrx_word' id='word_1_441' title='bbox 211 2750 412 2794; x_wconf 81' lang='lat' dir='ltr'><strong><em>pendiosum</em></strong></span> <span class='ocrx_word' id='word_1_442' title='bbox 436 2751 613 2792; x_wconf 81' lang='lat' dir='ltr'><strong><em>diurnale,</em></strong></span> <span class='ocrx_word' id='word_1_443' title='bbox 636 2761 780 2795; x_wconf 83' lang='lat' dir='ltr'><strong><em>puerum</em></strong></span> <span class='ocrx_word' id='word_1_444' title='bbox 800 2750 944 2785; x_wconf 82' lang='lat' dir='ltr'><strong><em>nobilem</em></strong></span> <span class='ocrx_word' id='word_1_445' title='bbox 967 2750 1205 2804; x_wconf 85' lang='lat' dir='ltr'><strong><em>exprimerent.</em></strong></span> 
     </span>
    </p>

    <p class='ocr_par' dir='ltr' id='par_1_12' title="bbox 211 2791 1659 2886">
     <span class='ocr_line' id='line_1_50' title="bbox 304 2791 1659 2843; baseline 0.001 -16"><span class='ocrx_word' id='word_1_446' title='bbox 304 2795 350 2829; x_wconf 77' lang='lat' dir='ltr'><strong><em>ib.</em></strong></span> <span class='ocrx_word' id='word_1_447' title='bbox 373 2805 408 2829; x_wconf 87' lang='lat' dir='ltr'><strong><em>v.</em></strong></span> <span class='ocrx_word' id='word_1_448' title='bbox 434 2796 488 2830; x_wconf 78' lang='lat'><strong><em>12.</em></strong></span> <span class='ocrx_word' id='word_1_449' title='bbox 522 2791 582 2830; x_wconf 78' lang='grc' dir='ltr'><strong><em>ἐπὶ</em></strong></span> <span class='ocrx_word' id='word_1_450' title='bbox 606 2796 768 2841; x_wconf 80' lang='grc' dir='ltr'><strong><em>κεφαλῆς</em></strong></span> <span class='ocrx_word' id='word_1_451' title='bbox 792 2791 843 2830; x_wconf 78' lang='grc' dir='ltr'><strong>ἔτι</strong></span> <span class='ocrx_word' id='word_1_452' title='bbox 868 2792 952 2838; x_wconf 74' lang='grc' dir='ltr'><strong><em>νέος</em></strong></span> <span class='ocrx_word' id='word_1_453' title='bbox 974 2792 1039 2841; x_wconf 75' lang='grc' dir='ltr'><strong><em>ὧν]</em></strong></span> <span class='ocrx_word' id='word_1_454' title='bbox 1085 2796 1163 2831; x_wconf 85' lang='lat' dir='ltr'><strong><em>vide</em></strong></span> <span class='ocrx_word' id='word_1_455' title='bbox 1193 2796 1314 2843; x_wconf 75' lang='lat' dir='ltr'><strong><em>capitis</em></strong></span> <span class='ocrx_word' id='word_1_456' title='bbox 1346 2793 1517 2842; x_wconf 72' lang='lat' dir='ltr'><strong><em>sequentis</em></strong></span> <span class='ocrx_word' id='word_1_457' title='bbox 1547 2795 1659 2829; x_wconf 82' lang='lat' dir='ltr'><strong><em>notam</em></strong></span> 
     </span>
     <span class='ocr_line' id='line_1_51' title="bbox 211 2840 361 2886; baseline 0.007 -12"><span class='ocrx_word' id='word_1_458' title='bbox 211 2840 361 2886; x_wconf 81' lang='lat' dir='ltr'><strong><em>primam.</em></strong></span> 
     </span>
    </p>
   </div>
  </div>
 </body>
</html>
