1820 3178
237 206 330 253 192
412 261 420 272 ⁸
453 197 726 247 GRETSERI
743 197 816 240 ET
841 192 1013 239 GOARI
1033 186 1469 235 COMMENTARIUS

233 314 419 353 eveniebat.
467 306 708 357 quadraginta
732 315 811 340 vero
832 301 912 349 equi
937 302 976 336 in
1000 298 1151 344 singulis
1166 293 1397 332 mansionibus
1412 290 1692 335 stabulabamur.

235 368 268 398 et
284 362 410 396 ibidem
426 356 615 403 hippocomi
633 353 679 387 ad
695 351 866 386 curandos
883 353 962 394 quot
977 348 1137 392 poterant
1154 353 1254 388 equos
1269 345 1369 376 erant
1392 332 1585 374 destinati(
1616 347 1693 371 suc-

237 407 433 444 cedentibus
447 415 527 439 vero
546 401 611 436 sibi
626 399 673 433 ad
688 397 851 432 stationes
872 391 1119 440 probatissimis
1142 389 1256 434 equis,
1283 387 1343 432 qui
1358 395 1414 419 eos
1429 384 1583 430 agebant
1594 408 1605 425 ‚
1631 381 1693 414 de·

237 466 309 490 cem
322 455 433 497 ferme
448 451 580 484 dierum
596 446 662 480 iter
676 443 826 478 vicissim
851 439 1091 485 conficiebant,
1122 439 1267 480 agentes
1287 431 1450 477 quomodo
1475 426 1695 474 significaui-

238 512 326 535 mus.
375 498 459 531 haec
481 494 549 528 ille.
594 491 652 536 qui
674 489 822 524 rationes
843 495 1016 521 cursorum
1040 482 1208 520 habebat,
1241 473 1443 522 λογοθὲτης
1463 474 1698 520 appellabatur

241 543 435 590 saepissime
466 539 534 574 τοῦ
566 534 730 581 δρόμου,
753 539 791 568 ut
813 531 904 579 apud
926 531 1023 566 Theo
1051 529 1166 561 hanem
1190 524 1380 559 Cedrenum
1403 521 1572 555 Zonaram
1593 517 1701 555 Nice-

242 597 313 626 tam
336 595 370 623 et
385 587 470 622 alios
489 583 657 624 occurrit3
683 589 920 624 nonnunquam
936 575 1004 611 τοῦ
1023 571 1131 616 οξέου
1147 567 1302 615 δρόμου,
1325 565 1415 613 quod
1430 564 1569 611 scripsit
1581 563 1702 602 Theo·

246 637 374 683 phanes
397 633 433 666 in
457 627 665 676 copronymi
692 626 765 661 filio
797 625 931 665 Leone,
963 618 1147 656 correctius
1176 615 1245 651 τοῦ
1274 611 1386 656 ὀξέως
1417 608 1581 655 δρόμου,
1612 606 1702 654 quod

248 678 489 716 Constantinus
525 675 560 710 in
593 671 851 717 Chorographia
906 667 1005 703 osuit.
1052 662 1167 699 Latini
1198 673 1218 696 e
1252 660 1387 695 Graeco
1418 656 1624 701 logothetam
1664 658 1704 687 tu

250 729 374 762 dromas
398 728 434 759 et
455 728 495 758 tu
517 720 628 755 dromi
650 730 724 753 cum
749 716 855 751 Paulo
879 681 1031 750 Biacono
1067 707 1338 756 pronuntiabant.
1366 702 1611 753 ,Theophanes
1638 700 1705 734 ite-

252 785 325 808 rum
351 772 386 805 in
409 767 616 804 Iustiniano=
650 762 714 799 καὶ
747 760 766 798 ὁ
793 761 863 797 τοῦ
884 757 1062 805 δημοσίου
1085 751 1228 798 δρόμου
1251 747 1529 795 ἐπιμελούμενος
1550 742 1707 791 ηὐτομό-

255 821 339 863 λησε
362 810 556 858 παραδοὺς
589 806 676 851 τοὺς
706 807 903 854 δημοσίους
924 805 1074 843 ἵππους.
1121 798 1268 835 habebat
1297 795 1355 830 ille
1386 795 1449 829 sub
1473 805 1534 828 sua
1556 790 1708 837 disposi-

255 865 350 899 tione
371 857 655 908 protonotarium,
688 853 731 888 de
753 865 820 899 quo
844 849 1085 886 Constantinus
1111 846 1253 880 citatus:
1292 837 1478 876 ἀπέστειλε
1507 833 1711 884 χαρτουλά-

254 922 336 954 ριον
369 904 435 942 τὸν
465 902 576 947 ὀξέως
605 898 760 947 δρόμου.
807 898 866 944 qui
896 896 1048 931 nimirum
1081 900 1257 927 cursorum
1288 885 1534 933 equitationes,
1571 881 1710 922 tradita,

253 958 406 998 recepta,
424 951 613 986 annotaret.
659 946 886 991 Theophanes
909 943 945 976 in
964 939 1133 976 Michaele
1154 934 1337 980 Theophili
1355 932 1443 966 filioz
1469 925 1510 964 ἐν
1527 926 1644 973 τούτῳ
1668 924 1711 960 δὲ

252 998 299 1036 τοὶ
332 998 527 1044 γράμματα
562 994 615 1041 τῷ
647 989 934 1035 πρωτονοταρίῳ
969 987 1036 1021 τοῦ
1061 980 1202 1027 δρόμου
1235 974 1339 1022 παρὰ
1369 976 1438 1013 τοῦ
1471 969 1713 1018 πεφθακότος

254 1044 342 1090 ἄρτι
363 1041 672 1088 ἐνεχειρίσθησαυ,
697 1033 745 1078 ὥς
766 1033 806 1072 ἐν
829 1036 907 1074 τοῖς
925 1029 1165 1075 Μελαγγείοις
1182 1019 1560 1070 ἐστρατοπεδεύσαντο
1583 1015 1621 1054 οἷ
1634 1019 1711 1052 Σα-

257 1088 415 1136 ρακηνοὶ
447 1083 719 1132 διαγγέλλοντα.
776 1079 796 1118 ὁ
825 1080 915 1125 γοῦν
943 1070 1242 1121 πρωτονοτάριος
1271 1065 1541 1112 σκυθρωπήσας
1576 1062 1635 1100 ἐπὶ
1669 1062 1717 1107 τῇ

262 1135 411 1182 ἀγγελίᾳ
434 1132 623 1176 προσῆλθε
650 1129 703 1176 τῷ
728 1128 889 1174 βασιλεῖ,
917 1122 981 1158 καὶ
1002 1119 1197 1156 ὑπεδείκνυ
1219 1112 1267 1151 τὰ
1295 1112 1501 1159 γράμματα.
1547 1111 1589 1145 de
1622 1109 1719 1154 logo-

264 1185 360 1219 theta
385 1182 447 1215 hoc
469 1178 596 1212 divinat
618 1174 844 1210 Leunclavius
864 1171 899 1205 in
923 1166 1155 1204 onomastico.
1203 1162 1376 1203 arbitror,
1409 1158 1477 1201 ait,
1505 1158 1559 1192 ita
1591 1156 1719 1190 dictum

267 1226 512 1264 cancellarium
537 1221 668 1264 dromi,
702 1219 880 1254 cuiusdam
908 1215 1036 1250 scilicet
1059 1210 1191 1256 palatii
1217 1209 1296 1250 GP,
1327 1206 1418 1252 quod
1441 1205 1597 1238 dromum
1617 1212 1723 1236 coca-

269 1277 363 1310 bant.
411 1269 545 1315 reperio
569 1268 602 1302 in
623 1267 701 1301 Iure
724 1266 793 1299 GR
815 1276 851 1310 p.
878 1263 945 1299 132
967 1255 1202 1302 δικαστήριον
1216 1254 1284 1288 τοῦ
1299 1247 1548 1294 ἴπποδρόμου,
1572 1247 1615 1282 ad
1631 1246 1721 1291 Hip-

268 1319 466 1367 podromum
489 1325 608 1359 nempe
631 1313 742 1346 situm.
788 1308 867 1353 quid
884 1308 912 1342 si
928 1306 972 1340 de
995 1306 1096 1339 rebus
1117 1303 1151 1336 in
1174 1301 1248 1347 ipso
1272 1297 1506 1344 Hippodromo
1528 1293 1726 1336 contingen-

269 1367 363 1401 tibus
390 1361 579 1401 iudicaret,
610 1370 652 1392 ac
680 1352 881 1401 λογοθέτης
905 1352 973 1387 τοῦ
1004 1347 1146 1392 δρόμου
1170 1357 1236 1380 non
1260 1354 1377 1378 cursus
1401 1341 1497 1376 modo
1520 1337 1646 1385 publici
1667 1335 1728 1370 sed
1772 1343 1774 1345 ·

271 1415 307 1446 et
341 1407 506 1454 equestris
537 1405 571 1438 in
601 1401 819 1438 Circensibus
849 1397 935 1432 ludis
958 1394 1147 1430 certaminis
1171 1395 1322 1436 sumptus
1345 1388 1493 1422 rationes
1517 1393 1636 1418 census
1658 1382 1728 1416 dis-

273 1454 438 1492 cuteret?
485 1449 677 1495 suspicandi
699 1448 887 1491 suggerunt
908 1453 1023 1476 ansam
1043 1451 1085 1474 ea
1109 1439 1132 1475 1.
1155 1438 1178 1473 5
1202 1433 1425 1478 Anthologiae
1443 1430 1730 1476 Epigrammatum

273 1513 364 1548 quae
387 1497 575 1543 composuit
598 1495 749 1529 Thomas
770 1490 932 1538 patricius
953 1483 1079 1532 κριτὴς
1106 1484 1173 1519 τοῦ
1204 1478 1345 1525 δρόμου
1377 1478 1412 1512 in
1443 1474 1657 1511 Anastasium
1690 1483 1732 1505 ac

275 1549 391 1595 plures
415 1545 499 1579 alios
525 1538 901 1586 quattuor-factionum
930 1534 966 1568 in
1001 1533 1101 1567 Circo
1125 1529 1169 1563 de
1191 1528 1302 1574 palma
1323 1522 1563 1559 decertantium
1585 1519 1733 1563 aurigas.

277 1595 383 1637 auget
407 1588 630 1634 suspicionem
653 1584 834 1619 Turnebus
857 1580 1001 1615 Advers.
1027 1580 1068 1613 11
1094 1578 1135 1611 11
1159 1573 1327 1608 scribens=
1361 1573 1436 1604 erat
1465 1571 1503 1601 et
1531 1567 1733 1611 procurator

279 1638 408 1677 dromi,
444 1645 543 1680 quem
579 1643 644 1676 ego
676 1629 778 1664 credo
803 1627 878 1662 eius
900 1625 965 1660 loci
987 1621 1259 1670 procurationem
1280 1615 1428 1662 gessisse
1450 1612 1508 1647 ubi
1529 1621 1634 1656 eques
1657 1619 1734 1643 suos

281 1683 404 1719 Veneti
430 1686 491 1715 aut
516 1679 583 1714 alia
604 1677 707 1711 factio
732 1683 892 1709 exercere
916 1670 1058 1705 solebat.
1104 1667 1248 1701 Dromus
1279 1662 1367 1697 enim
1399 1660 1509 1694 locum
1528 1657 1583 1691 hic
1604 1653 1736 1699 signifi-

283 1734 356 1771 cat,
380 1732 419 1762 ut
440 1727 475 1760 in
500 1723 755 1771 Hippodrom03
780 1724 900 1763 estque
920 1716 1020 1760 plane
1043 1711 1314 1758 Hippodamus,
1345 1710 1386 1740 ut
1406 1705 1442 1740 in
1460 1703 1519 1738 illa
1541 1700 1737 1749 epigraphe,

282 1776 635 1811 Paocunmom
667 1768 830 1802 Dnomr
862 1764 1124 1798 FAc'moNrs
1155 1758 1413 1791 vass'rss.

378 1858 413 1893 p.
433 1847 477 1881 10
498 1857 533 1879 v.
563 1845 596 1879 8.
635 1840 702 1882 Qui
723 1834 1059 1883 πρωτοασηκρῆτις,
1076 1826 1404 1874 πρωτοασεκρῆτις,
1425 1834 1488 1857 nec
1512 1831 1578 1855 non
1595 1828 1738 1862 πρωτο-

289 1889 488 1936 ασεκρέτης
509 1888 688 1930 scribitur,
722 1891 761 1919 ut
785 1884 933 1929 primum
956 1879 1178 1915 secretarium
1199 1873 1350 1912 indicat,
1372 1871 1422 1904 ita
1444 1873 1480 1903 et
1498 1867 1650 1901 indicum
1671 1875 1741 1897 om-

289 1941 386 1974 nium
407 1934 754 1982 praestantissimum.
801 1941 821 1963 a
856 1926 997 1962 secretis
1033 1922 1223 1969 primarium
1255 1917 1444 1961 significat,
1477 1916 1605 1948 secreta
1637 1907 1744 1954 siqui-

291 1985 368 2018 dem
389 1980 436 2016 τοὶ
459 1978 653 2023 ἀπόρρητα
677 1974 865 2019 Procopius
890 1973 1153 2016 interpretatur,
1185 1969 1221 1999 et
1252 1975 1275 1997 a
1306 1960 1444 1996 secretis
1466 1966 1661 1992 arcamrum
1684 1965 1746 1987 no-

291 2029 437 2068 tarium,
461 2027 485 2060 l.
510 2028 533 2061 2
556 2024 598 2058 de
621 2022 707 2057 bello
730 2019 891 2054 Persicox
922 2010 1127 2049 Ἰουλιανόν
1153 2007 1220 2044 τὸν
1247 2006 1321 2041 τῶν
1340 2000 1562 2048 ἀπορρήτων
1583 2010 1746 2045 γραμμα-

288 2072 382 2109 Ἴτέοι·
419 2069 616 2115 ἆσηκρῆτις
637 2066 787 2102 καλοῦσι
810 2063 920 2096 τοῦτο
943 2057 985 2094 τὸ
1021 2055 1163 2100 ἀξίωμα
1187 2052 1386 2096 Ῥωμαῖοι·
1417 2048 1582 2094 σηκρῆτα
1605 2042 1674 2089 γὰρ
1699 2040 1746 2078 τοὶ

291 2115 500 2160 ἀπόρρητα.
549 2113 687 2147 Suidas:
722 2112 794 2144 τῶν
829 2103 1051 2149 ἀπορρήτων
1090 2096 1325 2146 γραμματέα,
1360 2091 1526 2130 τουτέστι
1559 2087 1748 2132 νοτάριον,

292 2163 491 2208 ἇσηκρῆτις
520 2159 693 2194 καλοῦσιν
717 2153 755 2190 οἷ
771 2153 959 2196 Ῥωμαῖοι.
1010 2149 1185 2182 Manasses
1205 2145 1240 2178 in
1255 2141 1401 2189 politicis
1416 2137 1634 2175 carminibus:
1657 2132 1750 2169 α’νοί-

293 2221 393 2246 κτων
416 2200 737 2250 ὑπογραμματεύς,
768 2197 812 2234 ὅν
842 2208 954 2242 φασιν
982 2190 1196 2237 ἆσηκρῆτιν.
1244 2192 1410 2223 secretum
1443 2183 1590 2219 secundo
1614 2185 1752 2216 veteres

298 2257 435 2301 glossae
453 2247 688 2293 δικαστήριον
711 2246 892 2292 exponunt.
942 2238 1163 2275 Cassiodorus
1185 2236 1211 2270 l.
1238 2237 1278 2271 11
1313 2233 1423 2279 praef.
1461 2233 1668 2275 quapropter
1689 2225 1751 2260 ad-

300 2301 507 2336 ministrator
530 2293 750 2341 amplissimus
778 2291 830 2333 (id
853 2292 907 2322 est
929 2287 1123 2332 praefectus
1149 2280 1338 2328 praetorio)
1370 2278 1397 2312 si
1421 2286 1563 2312 vacasse
1585 2272 1754 2312 credatur,

302 2344 520 2392 opprobrium
544 2347 616 2385 est,
639 2339 734 2373 cuius
757 2336 856 2370 etiam
881 2334 1058 2367 secretum
1082 2329 1224 2372 dicitur,
1263 2325 1354 2372 quod
1376 2320 1588 2358 tumultuosis
1610 2316 1754 2353 actioni-

301 2394 367 2426 bus
389 2391 601 2424 verberatur.
645 2384 724 2419 vide
746 2384 920 2416 Secretum
945 2376 1142 2412 auditorium
1165 2371 1331 2419 praefecti
1353 2369 1498 2409 dictum3
1529 2365 1606 2399 ideo
1630 2364 1755 2397 Secre-

303 2445 373 2473 tum
397 2435 476 2481 quia
497 2434 532 2467 in
550 2430 733 2466 secretiore
755 2424 939 2473 penetrali,
970 2421 1102 2456 minime
1125 2425 1233 2454 tamen
1255 2420 1419 2452 secretum
1432 2442 1442 2458 ‚
1474 2411 1554 2457 quia
1574 2409 1758 2444 tumultuo-

304 2484 352 2519 sis
387 2480 570 2516 actionibus
599 2485 794 2523 personans.
822 2470 963 2506 Paulum
995 2469 1248 2502 samosatenum
1278 2463 1414 2496 damnat
1438 2456 1607 2492 Eusebius
1639 2456 1661 2491 7
1699 2453 1758 2495 25,

310 2528 400 2574 quod
423 2525 629 2571 σηκρῆτον,
664 2518 781 2560 ὥσπερ
807 2514 845 2551 οἱ
865 2515 932 2550 τοῦ
953 2511 1091 2557 κόσμου
1115 2509 1311 2555 ἄρχοντες,
1341 2503 1437 2550 εἶχέν
1459 2514 1498 2537 τε
1522 2499 1585 2537 καὶ
1615 2496 1757 2542 ὠνόμα-

309 2575 387 2615 ζενε
411 2570 639 2606 Secretarium
662 2567 749 2600 idem
772 2562 901 2597 Latinis
925 2559 1030 2602 audit,
1053 2562 1088 2592 et
1113 2556 1255 2590 Graecis
1279 2551 1535 2597 ἄσηκρητεΐον.
1584 2546 1759 2581 Cedrenus

309 2620 345 2653 in
370 2620 484 2653 Leone
507 2613 685 2649 Armenioz
710 2607 907 2666 δεξάμενος
928 2601 993 2644 τὰς
1017 2600 1185 2648 μηνύσεις
1208 2598 1228 2635 ὁ
1254 2594 1420 2646 βασιλεὺς
1442 2592 1482 2628 ἐν
1504 2593 1583 2632 τοῖς
1598 2587 1758 2634 ἆσηκρη-

309 2664 420 2703 τείοις
447 2659 616 2702 ἐκάθισε,
655 2655 719 2692 καὶ
741 2651 894 2699 ακριβής
916 2646 1107 2693 ἐξεταστὴς
1127 2649 1199 2681 τῶν
1222 2639 1463 2690 μηνυθέντων
1488 2634 1641 2682 ἐγίνετο.
1689 2634 1762 2667 Cu—

310 2709 484 2755 ropalates
507 2707 541 2740 in
566 2703 729 2740 Michaele
752 2697 955 2744 Theophili:
979 2692 1003 2739 ἡ
1029 2689 1127 2738 φυγὴ
1152 2690 1193 2726 δὲ
1217 2687 1310 2734 πρὸς
1331 2685 1396 2723 τὸν
1419 2681 1651 2727 ἱππόδρομον
1665 2675 1762 2714 κατὰ

312 2753 360 2790 τὰ
384 2751 629 2797 ἆσηκρητεῖα·
667 2746 746 2783 ἐκεῖ
770 2742 839 2790 γὰρ
864 2741 945 2778 τότε
971 2737 1013 2774 τὸ
1037 2740 1110 2774 τῶν
1141 2735 1340 2781 ἆσηκρῆτις
1368 2726 1608 2774 καταγώγιον.
1656 2725 1764 2759 Nice-

314 2802 440 2846 phorus
468 2803 503 2832 et
526 2795 678 2840 ignatius
701 2791 910 2839 patriarchae
932 2784 1130 2820 sanctissimi
1149 2794 1170 2817 a
1193 2781 1334 2816 secretis
1357 2780 1464 2818 fuere,
1489 2785 1528 2807 ac
1551 2773 1629 2806 ideo
1645 2772 1766 2805 λαϊκοι

315 2858 337 2881 a
359 2845 514 2880 Cedreno
537 2840 666 2887 scripti.
713 2849 755 2873 ex
778 2837 829 2872 his
852 2835 974 2879 colligo
1005 2827 1331 2876 πρωτοασηκρῆτιν
1362 2824 1404 2859 ab
1439 2819 1571 2856 arcanis
1607 2814 1766 2864 principis
