1864 3164
284 159 383 206 312
485 160 762 205 GRETSERI
787 160 859 204 ET
883 159 1058 204 GOARI
1083 160 1523 206 COMMENTARIUS

283 270 334 307 sis
359 268 382 308 l.
413 271 448 310 6.
505 272 543 309 in
564 283 625 319 ea,
653 269 793 319 inquit,
823 280 911 319 quae
931 271 982 307 est
1005 272 1088 308 ante
1114 265 1362 324 βαΐοφόρον,
1390 271 1481 324 quod
1504 286 1567 310 nos
1587 272 1732 325 patrm-

282 339 359 365 rum
377 339 490 365 ramos
517 327 685 373 dicimus,
714 324 917 363 hebdomade
938 329 1011 363 tam
1036 328 1074 364 in
1096 326 1266 364 militibus
1290 340 1392 379 quam
1419 330 1457 366 in
1483 328 1631 367 diversis
1650 342 1732 367 eon-

283 384 419 420 stitutis
446 382 574 434 officiis
591 384 838 420 numismatum
863 394 1044 419 aureorum
1064 384 1313 433 erogationem,
1339 388 1446 435 prout
1467 387 1631 436 cuiusque
1657 398 1733 423 me-

282 443 416 476 reretur
438 438 607 488 officium,
634 440 820 488 imperator
833 436 934 488 facit
941 451 955 483 ;
986 439 1048 475 cui
1073 441 1269 487 erogationi
1298 442 1382 490 quia
1402 452 1454 478 me
1479 442 1640 479 interesse
1669 454 1733 478 vo-

282 494 374 543 luit,
403 506 455 531 me
482 496 596 532 venire
623 495 811 545 praecepit.
861 492 941 544 suit
972 497 1087 532 autem
1119 494 1326 534 huiusmodi.
1381 500 1458 534 erat
1481 499 1643 547 apposita
1671 497 1732 535 de-

282 564 353 589 cem
373 551 565 588 cubitorum
593 549 824 599 longitudinis
843 563 886 587 ac
906 554 1072 600 quattuor
1093 550 1297 589 latitudinis
1319 564 1437 590 mensa
1449 579 1463 602 ,
1492 565 1581 603 quae
1598 555 1731 591 numis-

282 610 381 645 mata
403 606 526 644 loculis
549 609 779 655 congregata,
804 609 910 658 prout
928 608 1054 657 'cuique
1074 605 1249 655 dabatur,
1277 610 1428 645 numeris
1454 609 1672 647 extrinsecus
1694 611 1733 647 in

282 662 406 701 loculis
430 664 572 713 scriptis
601 663 782 700 retinebat.
837 662 1121 711 ingrediebantur
1155 663 1302 714 denique
1338 663 1389 701 ad
1409 666 1644 715 imperatorem
1665 678 1734 702 non

283 732 345 757 con
367 731 428 756 use
445 718 504 756 sed
527 717 713 756 ordinatim
731 718 916 756 secundum
943 721 1098 757 vocantis
1126 731 1264 769 vocem,
1303 732 1392 770 quae
1417 722 1550 771 scripta
1579 723 1734 759 virorum

281 777 423 813 nomina
450 774 636 813 secundum
666 774 775 824 officii
794 774 1003 824 dignitatem
1029 776 1212 814 recitabat.
1268 788 1412 826 quorum
1433 778 1570 828 primus
1587 781 1734 815 vocatus

281 835 333 869 est
352 835 461 869 rector
481 831 622 876 domun
651 833 710 869 cui
725 844 792 869 non
809 833 850 869 in
866 832 1024 868 manibus
1042 831 1103 869 sed
1121 834 1159 870 in
1178 832 1326 869 humeris
1344 834 1462 884 posita
1492 836 1575 870 sunt
1600 835 1735 872 numis-

281 891 382 925 mata
404 900 480 925 cum
508 889 750 936 scaramangis
767 890 934 937 quattuor
952 886 1084 939 (vestis
1101 900 1219 938 genus
1240 891 1299 925 est
1316 889 1624 939 scaramangfflm,
1649 889 1734 940 plu-

280 944 384 993 viae,
421 943 649 992 caeterisque
682 943 773 980 coeli
797 943 935 980 iniuriis
961 943 1127 981 arcendis
1160 944 1344 995 apposita.
1401 945 1486 982 vide
1518 944 1733 983 Pandecten

282 999 481 1038 Turcicum
499 1013 529 1038 c.
554 1001 633 1041 177
657 1003 695 1037 et
712 997 825 1052 199).
877 1002 956 1051 post
975 1013 1071 1050 quem
1092 999 1117 1040 o‘
1138 1000 1341 1038 domesticus
1361 1001 1554 1039 scholarum
1574 1006 1608 1040 et
1629 999 1651 1042 ὅ
1667 1005 1732 1041 λο-

280 1053 494 1110 γαριαστής
517 1058 588 1107 τῆς
613 1055 754 1102 πλοίας
777 1059 859 1094 sunt
876 1057 1016 1103 vocati,
1047 1069 1189 1107 quorum
1211 1056 1302 1094 alter
1324 1056 1493 1095 militibus
1516 1058 1608 1095 alter
1622 1060 1733 1096 navi-

279 1114 449 1162 gantibus
461 1116 637 1163 praeerat.
694 1112 734 1150 hi
746 1114 866 1163 itaque
879 1113 979 1163 paris
998 1115 1152 1159 numeri,
1182 1114 1266 1163 quia
1288 1111 1450 1162 dignitas
1462 1126 1532 1164 par
1553 1117 1644 1161 erat,
1662 1127 1733 1152 nu-

280 1172 445 1206 mismata
471 1171 503 1205 et
534 1180 768 1217 scaramanga
783 1170 1007 1218 suscipientes
1022 1181 1111 1219 prae
1135 1169 1361 1206 multitudine
1379 1182 1448 1206 non
1469 1172 1542 1207 iam
1563 1172 1599 1207 in
1616 1170 1734 1208 hume-

278 1227 330 1263 ris
355 1227 603 1276 portaverunt,
641 1223 703 1261 sed
732 1224 986 1262 adiuvantibus
1016 1225 1100 1262 aliis
1123 1228 1206 1275 post
1226 1238 1262 1262 se
1286 1237 1363 1263 cum
1391 1225 1510 1263 labore
1538 1229 1732 1265 traxerunt.

274 1285 354 1333 post
372 1280 432 1318 hos
445 1279 594 1317 admissi
610 1283 692 1316 sunt
716 1282 882 1330 magistri
903 1293 1042 1318 numero
1066 1281 1140 1327 24,
1171 1281 1296 1331 quibus
1313 1285 1480 1330 erogatae
1501 1286 1583 1319 sunt
1601 1284 1734 1320 numis-

279 1341 414 1375 matum
431 1348 613 1373 aureorum
633 1334 762 1384 librae,
791 1337 981 1385 unicuique
997 1336 1184 1374 secundum
1202 1336 1345 1374 eundem
1362 1349 1539 1376 numerum
1565 1337 1632 1386 24,
1655 1350 1734 1375 cum

279 1393 523 1440 scaramangis
542 1391 686 1428 duobus.
739 1393 968 1443 patriciorum
990 1392 1112 1429 deinde
1135 1392 1219 1429 ordo
1242 1392 1304 1428 hos
1321 1405 1412 1442 pone
1434 1397 1487 1430 est
1513 1397 1672 1440 secutus,
1700 1397 1735 1431 et

282 1452 335 1489 12
359 1449 605 1485 numismatum
631 1447 732 1484 libris
760 1458 838 1484 cum
863 1459 1101 1496 scaramanga
1119 1459 1193 1484 una
1216 1446 1375 1484 donatus.
1432 1448 1538 1486 turba
1564 1453 1645 1500 post
1673 1449 1734 1486 hos

277 1507 446 1543 immensa
467 1507 613 1540 vocatur
634 1502 1009 1553 protospathariorum,
1035 1503 1315 1553 spathariorum,
1342 1503 1611 1542 candidatorum
1643 1509 1676 1543 et
1695 1504 1734 1543 id

278 1573 389 1610 genus
418 1559 593 1600 clientum,
650 1558 742 1595 haec
770 1558 817 1595 de
848 1571 942 1608 roga
975 1560 1025 1597 ad
1052 1559 1189 1596 festum
1214 1558 1419 1610 palmarum
1447 1559 1525 1598 fieri
1551 1560 1663 1600 solita
1693 1561 1734 1599 in

281 1616 421 1669 palatio
444 1615 645 1666 Cpolitano
673 1613 940 1664 LuitpranduS.

393 1672 470 1709 Sed
493 1672 578 1709 fons
604 1671 676 1708 iste
706 1670 935 1707 liberalitatis
959 1672 1153 1706 exaruerat
1173 1669 1211 1706 in
1229 1668 1390 1720 palatio,
1426 1675 1465 1709 et
1486 1673 1600 1710 ferme
1621 1673 1733 1711 etiam

277 1729 317 1766 in
340 1727 576 1780 patriarchio,
597 1731 765 1778 tempore
787 1725 1031 1775 Balsamonis,
1059 1729 1102 1762 ut
1121 1725 1202 1776 ipse
1219 1727 1465 1775 conqueritur.
1522 1732 1562 1766 et
1576 1730 1733 1780 patriar-

279 1785 351 1822 cha
375 1785 524 1833 quidem
552 1795 600 1821 ne
627 1796 780 1835 prorsus
813 1781 1054 1820 immunificus
1084 1782 1293 1833 videretur,
1334 1781 1434 1823 κατὰ
1470 1781 1545 1834 τήν
1581 1783 1734 1836 ’ἡμέραν

278 1843 351 1892 τῆς
375 1835 628 1893 κατηχήσεως
655 1837 891 1892 θυμιάματα
926 1838 1136 1887 dividebat,
1174 1839 1271 1876 festo
1299 1839 1467 1877 baiorum
1497 1853 1563 1878 seu
1591 1841 1734 1891 palma-

279 1910 362 1934 rum
380 1909 503 1934 cereos
528 1900 568 1933 et
585 1908 734 1946 cruceS‚
762 1908 899 1945 magna
919 1898 1051 1943 quarta
1067 1894 1179 1944 feria,
1207 1894 1278 1932 hoc
1301 1899 1359 1932 est
1383 1897 1443 1933 die
1461 1896 1631 1934 Mercurii
1654 1909 1734 1935 ma-

279 1953 367 1990 ioris
396 1953 647 2004 septimanae,
676 1964 801 1989 cereos
825 1955 864 1989 et
886 1950 1148 2000 thymiamata,
1185 1951 1245 1987 die
1277 1951 1464 2002 paschatis
1497 1949 1734 2002 ἀσπασμούς

277 2006 595 2060 καὶῄτρικὲφαλα.
650 2008 851 2058 interpres:
881 2007 1111 2044 salutationes
1136 2008 1169 2042 et
1192 2008 1377 2056 tricipitia.
1433 2007 1557 2045 osculo
1578 2009 1675 2045 enim
1694 2013 1734 2046 et

279 2063 449 2114 amplexu
474 2063 680 2113 excipiebat
706 2063 885 2113 populum
918 2062 1015 2098 festo
1044 2060 1253 2111 paschatis,
1287 2062 1380 2098 dans
1407 2063 1603 2112 unicuique
1630 2067 1733 2102 trice·

277 2120 445 2172 phalam:
473 2119 627 2168 exiguae
652 2122 824 2155 monetae
841 2129 959 2167 genus
986 2120 1069 2166 est,
1103 2128 1127 2153 a
1149 2116 1266 2153 tribus
1291 2117 1475 2168 capitibus
1501 2132 1636 2158 nomen
1662 2121 1733 2158 du-

279 2188 378 2214 cens,
434 2174 687 2212 celebrabatur
709 2174 787 2211 dies
810 2173 1045 2210 catecheseos
1066 2172 1157 2210 feria
1178 2173 1290 2210 tertia
1312 2178 1401 2224 post
1424 2176 1642 2214 dominicam
1660 2179 1733 2228 τῆς

280 2228 501 2283 ‹intono-tou,
531 2230 601 2267 hoc
623 2233 681 2267 est
702 2231 934 2280 carnisprivii.
987 2240 1123 2265 nomen
1146 2227 1216 2265 hoc
1237 2229 1325 2266 inde
1347 2230 1529 2283 habebat,
1557 2233 1644 2282 quia
1663 2245 1733 2284 pa-

279 2288 439 2326 triarcha
462 2286 642 2338 populum
668 2297 713 2323 eo
742 2285 802 2322 die
837 2285 885 2323 ad
908 2284 1081 2321 ieiunium
1113 2286 1418 2335 quadragesimae
1437 2288 1508 2325 rite
1530 2292 1734 2338 sancteque

280 2345 492 2382 obeundum
509 2341 868 2389 commonefaciebat,
897 2341 994 2378 datis
1012 2340 1261 2389 thymiamatis
1281 2354 1347 2380 seu
1368 2343 1548 2390 incensis3
1576 2357 1734 2394 quorum

281 2401 444 2438 omnium
480 2400 644 2437 rationes
674 2397 827 2448 exponit
847 2396 1045 2434 Balsamon
1073 2396 1110 2433 in
1145 2398 1306 2445 quadam
1337 2399 1385 2436 de
1416 2399 1487 2438 hoc
1512 2404 1734 2451 argumento

281 2456 461 2508 epistola,
492 2468 588 2505 quae
606 2458 729 2492 exstat
751 2453 773 2491 l.
792 2456 819 2494 7
836 2452 930 2489 Iuris
955 2451 1225 2491 Graeco-Rom.
1244 2454 1307 2492 fol.
1330 2454 1423 2496 471.

393 2526 428 2562 p.
450 2514 502 2552 67
525 2525 558 2550 v.
579 2512 617 2551 7.
652 2523 720 2562 pro
750 2511 822 2549 τοῦ
850 2504 1091 2559 περιπάτου,
1131 2511 1232 2558 quod
1271 2511 1401 2548 vitiose
1436 2511 1562 2550 Iunius
1597 2511 1734 2562 adfert,

283 2568 496 2619 scripsimus
526 2580 570 2605 ex
605 2565 863 2616 manuscriptis
893 2563 918 2606 ὅ
953 2564 1189 2617 περίπατοςι
1227 2566 1281 2604 sie
1322 2568 1419 2605 enim
1460 2572 1500 2606 et
1539 2568 1657 2607 oratio
1693 2572 1734 2606 et

285 2625 462 2662 orationis
492 2636 623 2661 sensus
651 2626 809 2660 constat.

140 2688 168 2722 P
192 2689 260 2726 232
395 2681 442 2720 ib.
457 2693 490 2717 v.
512 2683 548 2721 8.
568 2680 726 2717 sabbato
741 2676 888 2727 Lazari]
914 2674 1033 2726 pridie
1058 2675 1262 2725 palmarum
1288 2677 1474 2717 celebrant
1504 2679 1638 2718 Graeci
1662 2679 1732 2716 ad-

279 2737 430 2773 modum
464 2735 606 2773 solenni
626 2734 855 2773 caeremonia
876 2733 1011 2770 festum
1040 2732 1188 2771 excitati
1214 2733 1368 2782 Lazari3
1401 2736 1448 2773 de
1473 2747 1548 2785 quo
1580 2735 1732 2774 consule

281 2792 430 2830 rituales
454 2791 566 2830 libros
591 2792 829 2830 Graecorum.
