1864 3164
609 118 671 164 m
697 118 895 164 comm
931 119 1042 165 CAP.
1065 119 1144 166 lv.
1507 119 1619 167 245⁷

148 237 260 267 musa
286 224 418 265 factas.
474 223 664 265 Robertus
692 226 740 264 de
766 225 900 266 Monte
926 226 966 266 in
992 226 1198 266 chronico:
1227 240 1291 266 rex
1314 227 1489 267 Henricus
1510 230 1606 280 secie

139 277 285 334 soem
302 281 382 321 ulta
407 284 443 320 et
460 282 539 320 lata
557 285 650 322 inter
673 282 864 322 Frondem
882 287 916 322 d
941 281 1193 324 Nmmaam
1210 285 1260 323 ad
1277 285 1466 336 praedones
1482 298 1606 323 arcen-

145 338 217 378 dae.
273 328 444 377 Andreas
462 339 657 390 proebyter
683 339 725 377 in
748 339 934 378 Chronico
961 339 1159 380 Bavarico:
1196 341 1414 392 Ratispmme
1441 355 1468 379 a
1497 345 1605 392 porta

144 393 191 436 S.
210 393 312 433 Petn·
333 407 443 446 usque
462 399 600 446 portam
621 396 866 435 occidentalem
884 397 1064 448 fossatum
1083 400 1236 436 exterius
1253 398 1334 449 (der
1352 397 1601 447 stadtgraben)

140 452 182 489 in
199 451 476 502 totoperficitur.
530 452 695 489 invenies
721 451 850 490 itidem
876 448 1107 503 φουσσᾶτον
1141 458 1181 492 et
1200 450 1417 505 φουσιὶτον.
1449 454 1539 503 quin
1561 458 1600 491 et

140 506 297 557 simplex
312 506 531 545 vocabulum
537 508 638 559 fossa
651 520 761 546 suum
776 509 912 556 fecere3
933 513 972 547 et
992 511 1152 559 φοσσᾶν
1161 510 1306 560 fodere,
1318 510 1456 560 fossam
1464 511 1599 562 facere.

142 563 273 602 eadem
290 563 446 601 notione
462 569 647 615 usurpant
666 563 841 610 σέόετον,
869 579 939 616 pro
958 566 1088 604 castris
1107 567 1255 605 scilicet.
1300 567 1459 604 Suidas:
1490 565 1600 606 σε’δε-

141 634 212 659 τον
232 616 280 660 vo·
298 616 527 669 φωσσᾶτον.
551 621 598 658 ab
626 621 756 659 eadem
780 621 933 659 notione
956 626 1016 660 est
1049 620 1249 674 ἄπληκτον
1275 621 1479 674 (significat
1501 623 1598 661 enim

140 674 284 727 castra)
304 679 345 713 et
364 670 625 727 ἆπληκεύειν,
654 689 699 714 ex
723 676 863 715 Latino
882 678 1083 728 applicare,
1109 683 1229 717 castra
1255 681 1391 717 metari.
1418 679 1505 716 vide
1530 679 1610 716 Ri-·

139 731 298 781 galtiam
330 731 369 770 in
401 744 472 770 suo
503 732 764 772 Mixobarbaro
796 738 836 772 et
875 733 1079 773 meursium
1101 736 1139 774 in
1170 749 1239 774 suo
1267 734 1598 774 Graeco-Barbam

139 787 344 827 Glomrio.

252 869 291 907 p.
310 853 366 895 25
390 867 427 894 v.
447 857 512 897 17.
546 853 746 906 praefectus
772 855 901 906 alogii}
934 868 1012 894 non
1043 857 1135 894 satis
1167 855 1291 894 mirari
1319 869 1473 908 possum
1504 855 1598 905 quid

139 908 246 948 Iunio
259 910 479 950 innuentem
497 912 660 961 venerit,
687 914 731 948 ut
754 923 882 949 vocem
901 909 1047 965 ι’ίλογον
1068 912 1115 951 ab
1138 914 1311 951 Hebraea
1339 913 1446 951 halac
1472 911 1596 964 (quod

137 970 199 1004 aet
213 965 284 1018 ire)
312 967 526 1018 deduxerit,
553 980 635 1006 cum
652 967 734 1005 luce
750 967 883 1006 clarius
898 969 950 1007 sit
969 966 1113 1021 ἄλογον
1139 982 1222 1007 esse
1243 982 1370 1007 vocem
1398 969 1596 1017 Graecam,

139 1023 246 1072 quasi
269 1022 370 1061 dicas
396 1025 601 1062 irrationale
608 1038 622 1070 ;
651 1035 726 1073 quo
745 1025 893 1062 nomine
917 1026 1140 1064 recentiores
1166 1026 1300 1064 Graeci
1322 1039 1424 1076 equos
1452 1025 1594 1075 signifi-

135 1084 236 1117 mnt.
260 1077 479 1130 Anonymus
498 1081 600 1131 apud
617 1079 842 1130 Rigaltium:
871 1079 996 1134 ἄλογα
1016 1084 1092 1136 ζῷα
1111 1078 1339 1134 νωτοφόρα,
1362 1077 1594 1132 α’χθοφόρα.

137 1139 178 1172 et
194 1134 364 1173 absolute
382 1149 453 1187 pro
471 1137 576 1185 equis
596 1137 758 1174 invenies
777 1138 879 1187 apud
903 1137 1121 1176 mauricium
1141 1137 1307 1176 Leonem
1330 1142 1370 1175 et
1391 1137 1494 1175 alios.
1520 1137 1593 1175 ita-

138 1203 212 1239 que
224 1191 418 1230 lunianum
438 1193 598 1231 halocum
617 1192 810 1243 ablegetur
824 1194 873 1232 ad
888 1195 1058 1233 nuntium
1074 1207 1141 1232 seu
1157 1195 1359 1245 viatorem,
1387 1206 1520 1244 quem,
1548 1195 1593 1231 ut

137 1247 263 1285 lunius
280 1247 425 1299 inquit,
456 1248 603 1288 Turcae
622 1249 812 1301 appellant
829 1250 946 1289 Inulae.

246 1313 296 1352 ib.
320 1326 356 1352 v.
381 1315 449 1356 21.
475 1318 642 1354 marma
667 1315 775 1354 Iunio
791 1320 851 1354 est
868 1317 992 1367 clava,
1019 1329 1067 1356 ex
1087 1315 1216 1355 Italico
1241 1315 1369 1355 Massa
1382 1315 1439 1354 vel
1464 1315 1592 1367 potius

137 1368 280 1409 Gallico
298 1369 468 1420 Mass-26,
498 1376 541 1409 ut
558 1371 690 1420 inquit.
715 1373 888 1410 scribitur
913 1375 1024 1411 etiam
1050 1370 1299 1425 ματζούκιον.
1334 1373 1472 1410 ibidem
1497 1383 1592 1421 στη-

135 1421 244 1466 &adv
262 1427 403 1478 accipio
421 1440 491 1478 pro
508 1431 621 1465 conto
638 1440 705 1465 seu
723 1429 846 1466 hastili
866 1434 1078 1478 matzucae,
1104 1430 1166 1467 der
1188 1430 1290 1473 stiel,·
1322 1429 1361 1466 in
1383 1428 1485 1465 euius
1507 1440 1591 1464 ver-

137 1482 209 1519 tice
222 1487 302 1520 erat
318 1484 501 1534 βουτὶον,
525 1483 656 1532 butta,
684 1497 775 1534 cupa
796 1496 864 1521 seu
885 1486 1030 1535 cupella.
1058 1485 1230 1522 scribitur
1248 1497 1400 1533 quoque
1423 1481 1591 1534 βουτέον

137 1550 226 1586 seu,
261 1542 304 1576 ut
333 1538 540 1589 Rigaltius‚
579 1534 784 1589 βούττιον,
823 1539 989 1591 βούτζη,
1023 1537 1227 1592 βούτζιον,
1272 1538 1451 1591 βούττις,·
1492 1551 1590 1587 quae

136 1605 213 1631 non
230 1596 377 1631 tantum
395 1607 527 1645 cupam
545 1606 611 1631 seu
630 1594 832 1646 cupellam,
859 1597 927 1632 sed
944 1597 1026 1646 ipsa
1044 1596 1155 1634 etiam
1179 1596 1326 1645 integra
1344 1608 1434 1633 vasa
1450 1594 1591 1632 vinaria

135 1649 366 1699 significant,
395 1654 438 1687 ut
468 1654 508 1687 te
538 1650 576 1687 in
605 1649 803 1688 Glossariis
830 1651 907 1688 suis
931 1657 1122 1690 auctorum
1152 1652 1371 1689 toetimoniis
1400 1651 1589 1688 docebunt

136 1704 321 1754 Rigaltius
358 1706 542 1744 Meursius
577 1710 617 1743 et
642 1706 886 1744 Casaubonus
913 1709 962 1746 ad
990 1708 1242 1759 Capitolinum
1261 1713 1299 1746 et
1325 1708 1492 1745 Flavium
1510 1707 1588 1743 Vo-

136 1761 277 1812 piscum
294 1775 333 1813 p.
347 1762 452 1812 412,
480 1763 574 1802 522.
598 1761 792 1800 Germanis
810 1764 897 1807 inde
915 1765 1015 1802 venit
1035 1765 1175 1811 butten,
1203 1765 1252 1802 de
1273 1777 1361 1802 vase
1380 1764 1586 1812 dorsuario,

135 1829 210 1865 quo
224 1829 318 1855 uvae
329 1817 402 1855 iam
415 1831 439 1856 a
455 1818 780 1874 vindemiatoribus
797 1825 960 1857 resectae
979 1833 1047 1871 per
1065 1821 1270 1858 destinatos
1289 1821 1337 1858 ad
1357 1821 1394 1857 id
1417 1820 1586 1857 homines

132 1873 354 1924 colliguntur
373 1878 412 1911 et
433 1875 481 1912 ad
499 1873 661 1911 torcular
678 1875 914 1926 deseruntur,
940 1889 1152 1926 quanquam
1171 1878 1288 1914 buetas
1306 1877 1434 1914 itidem
1450 1880 1586 1913 vocant

131 1929 205 1967 alia
223 1929 409 1968 don-suana
428 1930 685 1980 instrumenta,
706 1932 755 1968 ad
772 1932 1045 1970 similitudinem
1063 1934 1191 1971 vinarii
1211 1933 1304 1970 illius
1323 1933 1432 1970 sacta.
1463 1932 1551 1981 quid
1563 1931 1585 1968 ⁴?

132 1986 235 2035 quod
253 1986 385 2024 Graeci
404 1999 536 2037 cupam
555 1998 706 2036 quoque
723 1988 761 2024 in
790 2001 896 2026 suam
924 1989 1088 2039 linguam
1114 1989 1405 2038 transtulerunt,
1435 1991 1584 2027 κοῦπα.

132 2042 300 2080 adfertur
317 2042 428 2080 etiam
446 2037 655 2094 βούτινον,
682 2043 805 2082 butino
818 2058 886 2095 pro
907 2043 1050 2096 lagena.
1079 2045 1188 2083 butto
1216 2058 1343 2083 sacrae
1367 2044 1583 2096 supellectili

132 2097 346 2148 adiungitur
365 2098 413 2136 ab
430 2099 629 2137 Anastasio
647 2099 687 2136 in
703 2098 832 2138 Leone
854 2100 907 2138 lv
917 2115 926 2138 :
956 2102 1081 2140 obtulit
1101 2105 1137 2140 in
1157 2102 1306 2140 basilica
1320 2103 1351 2139 b.
1376 2101 1476 2139 Petra·
1494 2114 1581 2150 apo-

132 2153 216 2191 stoli
242 2156 415 2192 bunonem
438 2154 481 2193 de
506 2158 651 2204 argento
665 2159 863 2204 purissimo.
890 2158 1023 2208 igitur,
1049 2165 1093 2195 ut
1120 2159 1205 2196 hinc
1231 2158 1428 2206 abeamus,
1458 2161 1581 2194 contus

130 2209 302 2247 dicanict‘i
310 2210 587 2259 protalogatoris
610 2210 773 2250 habebat
790 2213 828 2250 in
845 2214 980 2252 vertice
998 2215 1159 2265 βουτὶον
1173 2243 1185 2262 ,
1218 2215 1256 2251 id
1285 2214 1453 2250 nimirum
1478 2212 1580 2260 quod

131 2264 308 2303 Germani
326 2265 453 2303 dicunt
471 2268 526 2303 ein
543 2266 733 2317 kiippelein.
758 2281 885 2306 verum
902 2269 993 2307 haec
1011 2271 1135 2309 omnia
1151 2283 1318 2308 eversum
1337 2270 1366 2306 it
1385 2268 1582 2314 meursius,

134 2321 198 2370 qui
226 2321 263 2358 in
296 2319 486 2359 Glossario
513 2334 548 2359 v·
576 2323 762 2373 βουλλίον
788 2325 947 2363 affirmat
972 2327 1169 2376 legendum
1205 2338 1280 2362 non
1320 2324 1483 2375 βουτίον
1511 2323 1579 2360 sed

131 2377 341 2428 βουλλίον,
371 2378 471 2425 quod
490 2381 549 2415 est
574 2379 767 2427 orbiculus,
795 2381 957 2420 circulus.
985 2384 1052 2420 sed
1081 2396 1163 2420 cum
1186 2382 1255 2418 hoc
1281 2381 1360 2416 sine
1389 2379 1495 2415 ullius
1520 2391 1577 2415 ms

130 2433 266 2470 codicis
285 2434 505 2471 auctoritate
523 2438 684 2483 asserat,
703 2447 779 2473 non
797 2442 855 2475 est
873 2451 937 2475 cur
954 2443 1103 2476 nostrae
1122 2437 1300 2483 lectionis,
1323 2448 1419 2483 quae
1435 2435 1578 2472 calamo

129 2490 289 2527 exaratis
306 2489 572 2540 exemplaribus
589 2490 753 2542 fulcitur,
773 2506 841 2531 nos
859 2499 924 2531 aut
943 2496 1134 2546 poeniteat
1152 2498 1216 2531 aut
1232 2492 1379 2541 pigeat,
1405 2491 1474 2528 nisi
1494 2491 1576 2539 quis

129 2545 234 2583 malit
249 2545 372 2595 legere
387 2546 557 2595 τουφίον
569 2546 791 2596 flammulam
810 2563 834 2588 a
852 2549 970 2601 tupha
995 2563 1061 2587 seu
1087 2550 1177 2587 tufa.
1207 2548 1360 2584 Suidas:
1390 2544 1576 2594 στειλειός

128 2597 174 2640 τό
197 2603 268 2653 τῆς
281 2597 423 2653 ὀξίνης
440 2596 561 2650 ξύλον
577 2605 646 2639 etc.
666 2603 745 2642 atiel
760 2618 808 2643 cm
825 2605 887 2644 der
902 2610 978 2644 ast.
1007 2610 1045 2643 et
1075 2607 1170 2643 forte
1189 2604 1246 2642 hic
1274 2603 1386 2641 etiam
1413 2602 1574 2640 scriben-

129 2657 217 2695 dum
235 2660 438 2707 στειλεῖος,
469 2670 544 2695 non
561 2654 751 2710 στηλειός.

220 2722 303 2756 ibid.
348 2718 396 2767 ἣν
429 2719 619 2763 ἰδιωτικῶς
655 2724 806 2759 καλοῦσι
833 2726 1055 2769 ματζοῦκαν]
1096 2723 1144 2758 ita
1179 2726 1249 2756 este
1292 2723 1395 2757 clava
1436 2718 1572 2756 ἰδιωτι-

131 2767 202 2807 κῶς
222 2773 258 2802 et
279 2768 382 2813 vulgo
404 2767 610 2813 ματζοῠκα,
631 2771 667 2803 et
684 2773 721 2803 ut
743 2770 874 2807 erudite
894 2773 1099 2810 cromerus,
1122 2781 1142 2804 ο
1165 2768 1298 2803 Gallico
1321 2779 1473 2811 mansue,
1511 2779 1573 2801 vo-

1610 1649 1732 1684 P203
