1864 3164
294 194 394 243 404

338 307 392 339 tre
428 303 595 339 Michaffle
627 303 780 339 Palaeol.
818 313 908 338 nova
946 302 999 337 di-

339 351 470 394 gnitate
494 351 676 384 honoratus
703 352 781 385 174.

294 395 532 437 Constantinus
562 396 674 429 Ducas
711 398 745 428 et
775 393 894 427 Const.
918 393 999 427 Mo-

338 441 538 481 nomaehus,
570 441 659 474 circa
682 450 822 484 quorum
847 444 999 485 tempora

336 497 439 530 rogae
462 486 594 519 desiere
617 486 695 520 331.
719 485 798 519 332.

292 531 530 566 Constantinus
553 531 613 564 sub
637 541 703 574 quo
728 529 810 563 urbs
836 532 872 564 et
892 529 999 576 impe-

337 577 422 611 rium
445 581 538 609 stare
566 575 666 609 desiit
687 575 766 611 340.

291 622 478 657 contacium
502 632 530 654 s.
551 621 637 655 liber
660 619 878 654 ordinationis
897 619 999 655 estin

336 670 506 712 potestate
518 666 793 700 hieromnemonis
805 666 880 700 140.
891 666 998 710 signi-

336 713 419 746 ficat
434 712 552 746 librum
567 716 603 746 et
617 711 786 753 oduarium,
810 711 897 744 male
919 722 998 745 ver-

335 757 420 792 titur
441 757 628 801 generatim
652 757 837 797 canticum;
861 759 915 790 est
938 768 999 801 pe-

333 802 462 836 culiare
484 814 590 847 genus
614 801 754 843 cantici,
782 801 878 845 origo
902 802 998 836 vocis

333 849 491 890 Graeca,
523 848 732 891 significatur
767 848 872 881 breve
905 848 997 892 quid,

334 904 358 927 a
380 897 504 927 conton
529 894 604 928 139.
630 895 707 929 181.
727 893 908 927 contacium
936 905 998 927 na-

333 938 423 973 tivit.
448 939 511 980 57,
537 940 591 973 15.
625 940 688 982 60,
727 940 780 973 10.
814 938 998 983 palmarum

333 985 400 1026 68,
433 987 465 1019 2.
507 983 734 1018 contaciorum
765 987 883 1017 auctor
918 985 995 1021 139.

334 1028 497 1109 cggtaciis
534 1030 727 1075 praefectus
761 1030 803 1073 6,
845 1031 878 1066 8.
922 1031 999 1067 140.

288 1119 444 1153 convivia
465 1118 622 1152 instituta
636 1119 669 1152 in
686 1119 899 1153 coronatione
914 1119 995 1164 imp.

333 1164 582 1199 convivantium
606 1164 759 1206 ministri,
775 1165 928 1208 insignia,
944 1166 998 1199 fe-

331 1210 405 1244 riae
436 1211 502 1253 97,
529 1211 571 1244 16
594 1222 664 1254 sqq.
690 1211 754 1253 98,
781 1212 822 1246 18
845 1222 920 1255 sqq.

288 1260 496 1333 convacator
519 1256 637 1300 populi
659 1255 754 1288 varia
775 1255 879 1290 dabat
900 1255 997 1300 signa

287 1346 429 1379 corbant
451 1344 585 1378 videtur
608 1356 651 1378 ex
673 1344 896 1390 coryphantio
915 1345 993 1381 241.

288 1400 412 1424 corona
433 1390 512 1435 imp.
542 1390 739 1435 imponenda
771 1391 806 1424 in
833 1391 993 1424 taberna-

332 1437 408 1470 culo
432 1439 610 1476 servatur,
633 1447 700 1469 non
717 1436 751 1469 in
770 1446 866 1469 sacra
882 1446 996 1469 mensa

331 1482 398 1520 90.
425 1481 478 1516 16.
502 1491 573 1514 eam
599 1480 730 1514 diaconi
755 1481 790 1514 in
821 1481 996 1514 ambonem

332 1526 493 1560 deferunt
520 1526 604 1560 ibid.
641 1528 695 1561 18.
729 1526 925 1570 patriarcha
961 1529 997 1560 et

332 1576 432 1617 pater
455 1571 532 1616 imp.
557 1571 745 1605 coronando
760 1571 932 1616 imponunt
948 1572 996 1606 ib.

333 1620 391 1653 20.
423 1628 579 1650 coronam
609 1617 747 1651 alterius
775 1618 906 1651 formae
935 1627 996 1650 seu

332 1667 473 1696 stemma
486 1662 699 1696 benedictum
713 1662 917 1708 imperatrici
936 1673 995 1695 co-

332 1708 502 1741 ronandae
522 1707 663 1752 imponit.
677 1708 757 1752 imp.
775 1709 832 1751 92,
847 1709 880 1743 3.
897 1718 996 1741 coro-

330 1763 407 1787 nam
429 1753 567 1797 deponit
591 1753 670 1798 imp.
698 1753 995 1787 communicaturus

330 1799 395 1843 96,
430 1800 464 1833 8.
488 1799 628 1832 resumit
656 1798 916 1832 communicatus
938 1800 995 1840 96,

332 1844 388 1879 15.
413 1854 557 1878 coronae
578 1844 611 1877 in
626 1844 756 1877 modum
773 1844 916 1888 lampadi
930 1844 995 1877 im-

331 1889 527 1933 peratoriae
548 1889 785 1934 circumposita
800 1893 994 1923 ornamenta

332 1944 360 1968 s.
390 1945 431 1967 ex
455 1945 542 1968 auro
567 1939 603 1968 et
635 1938 777 1979 argento
810 1935 995 1980 stephano-

331 1983 421 2011 mata
440 1981 520 2014 278.
544 1991 669 2014 corona
691 1980 784 2025 prius
803 1980 894 2014 humi
913 1984 994 2015 ante

331 2022 503 2068 deiparam
525 2025 680 2070 deposita
699 2027 781 2060 368.

285 2071 379 2101 corte
402 2079 430 2103 s,
458 2073 554 2102 curte
575 2070 652 2103 266.

286 2112 459 2153 cortelini‚
483 2114 651 2159 simplices
672 2114 835 2148 ianitores
857 2116 993 2159 praeto-

330 2158 372 2191 rii
394 2159 472 2193 267.

284 2202 538 2237 cortinariorum
571 2203 694 2245 statio,
716 2203 868 2244 habitus,
892 2214 992 2248 prae·

330 2249 459 2290 fectus,
480 2259 592 2281 comes
614 2250 677 2293 37,
704 2251 757 2283 16.
780 2249 846 2291 38,
872 2251 902 2283 1.

285 2293 400 2337 cortis,
423 2293 673 2327 tabernaculum
694 2293 773 2338 imp.
798 2295 864 2334 38,
888 2295 922 2328 2.

284 2349 332 2375 ss.
356 2349 486 2372 crucem
507 2339 716 2380 radiantem,
737 2338 895 2372 usitatum
911 2338 990 2383 imp.

328 2383 531 2418 flammulum
545 2410 554 2427 ,
579 2384 711 2428 erigunt
733 2383 898 2417 officiales
930 2387 987 2426 28,

330 2429 383 2464 15.
407 2428 485 2464 249.
511 2431 589 2464 283.
607 2429 744 2463 eandem
761 2430 796 2462 in
818 2428 911 2472 vigil.
928 2441 989 2463 na-

327 2473 415 2509 tivit.
439 2474 637 2508 flammulum
666 2474 799 2508 tertium
823 2478 989 2508 exornant

326 2519 488 2563 imagines
505 2520 570 2554 SS.
592 2524 736 2564 quatuor
750 2523 914 2564 matyrum
930 2521 987 2563 48,

324 2565 358 2598 2.
385 2565 464 2600 283.
498 2564 665 2599 cinnabari
698 2569 732 2599 et
764 2566 900 2599 bractea
936 2570 987 2598 est

325 2615 446 2643 ornata
467 2609 595 2654 lampas
617 2610 684 2652 45,
706 2612 739 2646 3.
765 2621 791 2644 s.
809 2610 899 2644 cruci
923 2622 984 2643 ex-

323 2653 478 2688 altandae
499 2656 684 2689 tabulatum
701 2656 839 2700 erigitur
860 2657 925 2698 78,
950 2657 984 2690 7.

325 2709 434 2742 eoque
466 2701 555 2734 festo
585 2702 750 2735 nundinae
784 2701 983 2744 Hierosoly-

325 2744 387 2776 mis
411 2750 507 2778 actae
529 2746 608 2781 335.
632 2758 678 2780 ss.
701 2757 784 2781 crux
805 2757 877 2780 cum
900 2745 985 2779 ima-

321 2788 399 2830 gine
415 2790 538 2824 Christi
562 2803 626 2825 non
643 2793 832 2826 manufacta
854 2795 890 2825 et
912 2791 980 2828 SS.

321 2834 482 2878 deiparae
521 2837 674 2873 vestibus
719 2837 806 2872 hosti
850 2836 979 2882 Cpolim

883 194 1157 239 GRETSERI

1089 300 1234 346 cingenti
1259 301 1392 336 obiecta
1422 301 1510 346 322,
1545 301 1602 337 24.
1633 300 1749 336 eadem

1088 348 1201 380 firmat
1231 347 1338 381 bullas
1371 347 1451 383 256.
1485 348 1662 392 phelonem
1695 358 1750 380 sa-

1088 404 1178 427 cram
1208 396 1347 431 vestem,
1369 397 1489 433 ornat,
1520 403 1542 426 a
1579 393 1750 437 multiplici

1087 450 1134 474 ss.
1173 449 1274 472 cruce
1314 436 1583 481 πολυσταύριον
1625 439 1749 472 dictam

1091 483 1168 519 167.
1195 483 1272 518 141.
1304 493 1377 518 cum
1411 483 1518 518 cereis
1542 487 1577 518 et
1599 484 1749 527 thymia-

1087 533 1178 563 mate
1203 540 1223 562 a
1245 528 1437 573 patriarcha
1460 528 1534 563 loco
1566 539 1673 573 rogae
1695 529 1749 563 di-

1087 574 1215 607 viditur
1237 575 1316 610 312.

1043 631 1124 654 cura
1146 619 1283 653 bibendi
1305 618 1445 665 provida.
1465 619 1534 661 58,
1559 619 1614 654 16.

1042 670 1178 700 curator
1199 664 1420 710 pupillorum,
1443 664 1536 702 offic.
1561 666 1618 700 56.
1640 663 1746 710 palat.

1090 714 1152 752 11,
1195 712 1250 746 15.
1295 709 1431 744 habitus
1469 710 1536 753 26,
1572 711 1608 745 3.
1648 709 1750 743 desiit

1086 755 1214 789 functio
1229 755 1285 796 41,
1303 757 1338 790 4.
1357 755 1648 801 orphanotrophus
1663 755 1749 789 alius

1086 800 1334 835 ecclesiasticus
1355 804 1430 834 erat
1453 801 1531 836 162.

1043 846 1264 891 curopalate,
1298 846 1392 880 offic.
1417 846 1473 882 15.
1519 845 1601 880 alat.
1623 845 1667 889 9,
1694 845 1748 880 12.

1088 892 1160 925 eius
1182 896 1379 925 ornamenta
1397 893 1461 933 20,
1516 918 1524 926 .
1554 890 1644 924 nullo
1674 901 1750 924 mu-

1087 948 1169 970 nere
1191 937 1343 981 fungitur
1363 936 1421 980 34,
1450 939 1479 971 1.
1515 935 1593 977 fuit,
1617 940 1655 970 ut
1676 936 1750 970 col-

1085 982 1221 1025 ligitur,
1243 981 1528 1016 architectonicae
1555 982 1748 1026 praefectus

1087 1028 1166 1063 261.
1196 1027 1305 1061 dictus
1338 1039 1358 1061 a
1397 1038 1477 1061 cura
1513 1026 1649 1071 palatii,
1685 1027 1748 1060 de-

1087 1073 1234 1117 scriptus
1260 1073 1335 1106 fuse
1355 1083 1378 1106 a
1401 1072 1551 1118 Corippo
1577 1073 1652 1107 184.
1677 1071 1746 1106 La-

1087 1117 1150 1152 tini
1176 1129 1291 1152 vocem
1314 1117 1502 1164 depravant
1523 1118 1606 1152 ibid.
1630 1127 1748 1151 munus

1087 1163 1303 1208 curopalatae
1325 1174 1354 1198 s.
1369 1162 1632 1208 curopalaticion
1647 1163 1747 1197 etiam

1085 1209 1279 1242 absentibus
1304 1208 1462 1243 collatum
1493 1209 1576 1244 ibid.
1601 1219 1747 1254 curopa-

1086 1254 1199 1288 latissa
1222 1255 1306 1289 ibid.

1040 1308 1140 1332 curru
1173 1299 1364 1343 triumphali
1395 1299 1429 1332 b.
1466 1298 1606 1342 virginis
1637 1297 1746 1334 Nico-

1085 1355 1192 1389 poeae
1211 1344 1320 1388 imago
1344 1349 1444 1378 vecta
1467 1345 1545 1387 315..

1038 1389 1178 1422 cursarii
1203 1389 1390 1434 praedones
1412 1389 1493 1422 dicti
1515 1390 1594 1424 255.

1040 1445 1218 1512 cui-sontes,⁸
1238 1433 1297 1488 qui
1318 1433 1667 1515 pirimiQEgnfligebant
1688 1434 1744 1470 vel

1098 1490 1157 1512 oca
1175 1491 1187 1512 1
1209 1491 1242 1512 m
1265 1489 1327 1512 1ns1
1353 1490 1392 1512 ns
1483 1505 1492 1514 .

1040 1524 1292 1566 curtobraccia,
1316 1529 1433 1559 curtae
1454 1526 1597 1559 braccae
1618 1525 1694 1561 318.

1041 1570 1197 1604 custodes
1220 1575 1406 1604 castrorum
1430 1574 1466 1604 et
1489 1570 1662 1604 civitatum
1684 1571 1742 1613 43,

1087 1619 1140 1651 11.
1165 1615 1307 1649 amictus
1336 1617 1393 1660 28,
1427 1619 1460 1651 1.
1485 1615 1577 1650 offic.
1601 1617 1656 1651 79.
1680 1627 1743 1661 pa-

1083 1660 1143 1695 lat.
1169 1663 1211 1696 12
1223 1686 1232 1703 ‚
1254 1662 1308 1695 17.
1326 1665 1440 1695 custos
1456 1671 1614 1695 vasorum
1627 1672 1743 1696 sacro-

1083 1717 1156 1740 rum
1182 1708 1258 1742 159.
1769 1707 1773 1709 ’

1039 1750 1149 1796 Cypri
1173 1750 1426 1796 archiepiscopo
1458 1751 1570 1786 datum
1601 1752 1742 1798 privile·

1082 1796 1172 1840 gium
1194 1797 1408 1841 praeferendi
1430 1796 1614 1842 lampadem
1630 1798 1711 1833 278.

1038 1841 1150 1887 Cyrus
1174 1843 1370 1884 Medorum,
1394 1843 1545 1885 Per-sar,
1570 1843 1741 1887 Assyrior.

1083 1899 1143 1921 rex
1167 1888 1372 1922 diversarum
1393 1887 1478 1922 vixit
1494 1889 1641 1932 gentium
1659 1900 1742 1923 con·-

1084 1933 1262 1967 suetudine
1289 1934 1354 1977 53,
1388 1935 1441 1968 17.
1476 1944 1589 1977 regem
1618 1934 1743 1968 Persa-

1083 1989 1155 2012 rum
1179 1990 1217 2012 se
1241 1978 1372 2023 paterni
1395 1978 1530 2012 honoris
1551 1978 1663 2022 gratia
1678 1990 1740 2024 ap-

1083 2023 1224 2068 pellavit
1246 2027 1282 2056 et
1308 2033 1328 2055 a
1353 2023 1462 2056 Medis
1491 2023 1624 2067 accepit
1654 2023 1741 2068 pila-

1082 2068 1182 2108 ticia,
1213 2067 1420 2112 phaceolium
1460 2073 1495 2101 et
1531 2068 1740 2113 epiloricum‚

1081 2112 1127 2146 ab
1167 2112 1316 2156 Assyriis
1355 2113 1581 2156 smranicum,
1614 2114 1741 2148 eabba-

1081 2157 1170 2191 dium
1210 2163 1245 2191 et
1281 2157 1481 2192 flammulum
1523 2159 1739 2194 draconteum

1080 2203 1144 2246 54,
1169 2205 1222 2238 16.
1246 2202 1317 2237 eius
1333 2214 1548 2239 successores
1560 2204 1641 2239 dicti
1655 2206 1740 2239 Per-

1080 2259 1190 2282 sarum
1214 2259 1314 2292 reges
1337 2249 1400 2289 54,
1424 2251 1481 2284 21.

1034 2292 1223 2328 damasceni
1247 2294 1345 2338 pruni
1369 2294 1514 2328 colorem
1534 2295 1642 2329 refert
1660 2305 1739 2330 sea-

1078 2339 1225 2373 ranicum
1258 2339 1368 2384 magni
1390 2340 1571 2385 primicerii
1594 2343 1656 2383 19,
1680 2343 1738 2376 12.

1033 2383 1319 2427 decaenneorum,
1343 2385 1406 2419 hoc
1429 2388 1481 2419 est
1517 2385 1737 2421 novendecim

1076 2430 1299 2473 accubituum,
1322 2429 1500 2464 triclinium
1523 2435 1557 2465 et
1578 2430 1737 2476 palatium

1031 2519 1167 2554 decreto
1191 2520 1267 2566 imp.
1294 2520 1350 2555 alii
1379 2520 1475 2555 etiam
1504 2521 1661 2555 honorati
1682 2521 1736 2556 iu-

1076 2566 1191 2600 dicant
1223 2577 1295 2600 cum
1331 2566 1437 2611 primo
1469 2567 1653 2600 secretario
1675 2568 1735 2607 36,

1078 2613 1131 2646 12.
1159 2624 1202 2645 ex
1218 2612 1354 2646 decreto
1375 2611 1504 2645 Urbani
1521 2612 1650 2645 nomine
1668 2612 1734 2645 de-

1073 2656 1218 2737 fensotgs
1237 2657 1436 2701 intelligitur
1459 2657 1561 2690 iudex
1586 2657 1734 2691 advoca-

1075 2706 1130 2735 tus
1156 2706 1170 2738 1
1202 2705 1231 2738 1.

1027 2745 1187 2781 defensor
1209 2748 1335 2792 primus
1359 2756 1420 2781 seu
1443 2746 1656 2792 protecdicus
1675 2747 1732 2780 of-

1071 2792 1147 2826 ficio
1181 2793 1406 2827 ecclesiastico
1448 2794 1590 2834 fungens
1621 2793 1731 2837 capti·

1070 2848 1132 2871 vos
1169 2844 1285 2881 curat,
1321 2837 1566 2873 controversias
1603 2837 1729 2873 iudicat
