1864 3164
296 167 394 215 314
497 166 772 215 GRETSERI
793 169 866 213 ET
890 167 1064 213 GOARI
1083 167 1522 214 COMMENTARIUS

404 291 441 330 p.
462 280 514 321 68
527 291 562 317 v.
587 281 624 321 8.
665 279 779 317 verba
806 277 867 316 illa
900 277 957 326 εἰς
980 274 1108 320 τύπον
1134 275 1210 332 γοῖρ
1240 281 1418 334 Χριστοῦ·
1443 276 1490 321 τό
1514 274 1745 333 εὐαγγέλιον,

292 333 464 386 ἔρχεται,
493 335 543 373 ad
558 339 679 386 typum
699 336 832 374 Christi
849 336 937 373 bona
954 335 1043 374 haec
1060 338 1282 375 annuntiatio
1308 336 1474 384 aduenit,
1509 334 1636 374 Iunius
1654 348 1738 374 ver-

293 394 391 429 terat
408 404 560 442 prorsus
578 392 723 442 inepte,
752 391 839 440 quia
856 391 1074 439 zuiomelum,
1115 391 1173 430 vel
1195 391 1444 444 lampadarius
1464 395 1617 430 cantans
1645 391 1735 429 illud

290 447 507 498 woradum,
532 447 696 496 loquitur
713 447 761 484 de
778 446 967 497 evangelio
985 448 1086 496 quod
1111 448 1386 486 archidiaconus
1412 447 1577 499 ferebat,
1606 452 1645 486 et
1666 448 1737 485 hoc

290 503 541 553 evangelium,
567 503 667 553 sive,
695 507 737 541 ut
759 503 966 541 distinctius
987 503 1128 557 dicam,
1155 504 1252 544 hunc
1271 505 1433 544 codicem
1451 503 1738 555 evangeliorum,

291 559 346 598 ait
361 559 502 597 Christi
519 563 652 612 typum
669 572 713 598 ac
731 559 888 611 figuram
910 572 1048 610 gerere.

381 640 429 675 ib.
450 651 486 674 v.
504 640 538 675 7.
560 635 742 684 στέφανος
756 640 901 675 circulus
921 643 1022 686 capnt
1039 639 1205 682 ambiens,
1224 651 1268 675 ac
1283 641 1392 675 minor
1406 640 1582 675 stemmate
1600 651 1737 683 corona,

289 682 429 730 φυοῖλιν
458 685 548 720 aliud
573 686 659 730 regii
689 685 811 731 capitis
830 686 1088 732 operimentum,
1111 685 1155 721 de
1179 697 1244 731 quo
1269 698 1300 721 c.
1331 687 1356 721 6
1379 686 1476 732 p.52
1491 697 1525 721 ν.
1542 686 1582 726 8,
1610 695 1739 732 suppo-

292 731 393 766 situm
426 742 491 765 nec
519 730 565 764 ab
592 731 679 766 omni
715 735 812 776 parte
850 729 1019 777 στεφάνῳ
1052 731 1201 766 velatum
1230 731 1340 766 adhuc
1381 735 1565 766 ostentans.
1597 730 1743 765 adverte

292 777 454 820 collegam
469 776 598 821 imperii
613 777 715 811 etiam
727 781 899 812 stemmate
912 777 1019 812 fuisse
1037 782 1229 811 coronatum
1240 802 1251 819 ,
1275 777 1467 822 quicunque
1481 777 1565 811 alius
1585 775 1739 822 despota,

291 821 564 866 sebastocrator,
588 822 735 865 Caesar,
759 834 904 864 coronae
925 822 1058 867 quidem
1080 822 1284 867 gestandae,
1310 823 1398 857 haud
1419 826 1533 856 tamen
1559 821 1742 856 stemmatis

290 867 344 901 ius
366 873 542 912 aceptum3
570 879 612 901 ac
633 867 758 902 idcirco
781 865 966 912 στέφανον
986 872 1141 912 gestare,
1178 879 1243 902 non
1266 865 1424 912 στέμμα,
1448 866 1507 902 vel
1527 862 1741 913 ἐστεμμένον

290 913 461 959 progredi.
487 925 508 947 a
529 913 631 948 sertis
652 913 755 958 igitur
775 918 812 949 et
834 913 921 949 velis
941 913 1088 948 ferendis
1106 913 1207 959 longe
1229 913 1359 949 alienus
1379 912 1595 958 conspicitur.

382 986 428 1020 ib.
452 997 486 1020 v.
514 987 567 1021 18.
591 982 748 1028 ἁρπάζει
769 985 928 1031 κλάδον]
959 997 1068 1020 ramos
1090 985 1155 1020 hoc
1187 985 1401 1020 solemnitate
1434 987 1585 1030 gestatos
1610 983 1646 1019 in
1669 995 1742 1019 ma-

290 1031 409 1066 tutinis
431 1031 537 1066 tacuit
559 1032 720 1067 Codinus.
756 1032 924 1078 Typicum
944 1031 1063 1073 docet,
1095 1027 1157 1065 ὅτε
1188 1027 1416 1072 ἀσπάζονται
1443 1027 1486 1065 οἵ
1513 1027 1671 1074 ἀδελφοὶ
1697 1026 1740 1066 vti

290 1073 526 1121 εὐαγγέλιον,
549 1074 734 1121 διανέμειν
756 1076 822 1112 τὸν
842 1073 1044 1122 ἡγούμενον
1065 1073 1114 1110 τὰ
1137 1074 1228 1122 βαΐα
1249 1076 1285 1110 in
1315 1077 1383 1110 fine
1404 1075 1639 1110 matutinarum
1662 1087 1742 1121 pre-

289 1133 365 1156 cum
389 1122 551 1156 fratribus
572 1122 614 1156 ad
637 1123 803 1167 evangelii
823 1123 971 1156 osculum
993 1122 1231 1156 accedentibus
1255 1121 1420 1156 ecclesiae
1441 1122 1645 1167 superiorem
1666 1121 1742 1166 pal-

287 1178 414 1202 marum
436 1178 546 1201 ramos
567 1167 791 1210 distribuere,
822 1168 864 1202 ad
886 1168 985 1201 finem
1008 1178 1115 1211 usque
1138 1167 1245 1201 officii
1267 1167 1462 1211 gestandos.
1483 1163 1593 1211 εὐχὴν
1617 1164 1670 1206 εἰς
1698 1162 1744 1201 τὸ

287 1213 422 1246 δοῦναι
442 1209 490 1247 τοὶ
514 1211 604 1258 βαΐα
627 1214 674 1258 τῇ
697 1210 890 1259 βαϊοφόρῳ
906 1213 1028 1259 promit
1050 1213 1302 1256 Euchologium.
1338 1213 1437 1247 ritum
1459 1212 1597 1256 insuper
1618 1211 1742 1246 ultimis

287 1257 419 1302 imperii
451 1258 547 1291 annis
578 1258 687 1292 adhuc
720 1260 934 1293 observatum
968 1262 1111 1292 testatur
1142 1258 1315 1292 Phranzae
1339 1258 1508 1302 interpres
1532 1257 1584 1291 his
1605 1257 1740 1291 verbis:

283 1304 453 1348 postridie
476 1303 638 1347 quonium
657 1304 856 1348 palmarum
878 1304 1073 1337 solemnitas
1102 1303 1296 1345 incidebat,
1317 1304 1421 1356 myrti
1444 1314 1557 1337 ramos
1577 1308 1742 1347 amputa-

287 1360 381 1391 mus,
412 1360 492 1392 quos
525 1349 680 1382 manibus
710 1354 830 1394 gestat
858 1353 948 1383 totus
978 1348 1154 1384 exercitus.
1184 1359 1205 1381 a
1239 1354 1382 1383 retentis
1415 1352 1449 1382 et
1473 1359 1571 1381 manu
1599 1347 1746 1392 gestatis

287 1394 391 1434 myrti
414 1393 513 1427 ramis
535 1393 754 1428 stationarios
775 1392 976 1438 μυρταΐτας
998 1394 1107 1427 dictos
1131 1393 1268 1438 scriptis
1292 1393 1413 1427 asserit
1435 1392 1606 1436 Georgius
1629 1393 1742 1427 Core-

287 1440 370 1476 sius.
417 1439 594 1473 Balsamon
621 1439 784 1474 Meditato
809 1439 852 1473 de
872 1438 1018 1475 incensis
1043 1438 1066 1472 l.
1091 1439 1113 1473 7
1137 1438 1223 1471 Iuris
1257 1439 1342 1472 GR:
1371 1435 1532 1477 κλάδους
1563 1437 1745 1480 φοινίκων

284 1484 355 1574 3(αέ
369 1484 558 1572 ,Ξυρσινῶν
592 1481 714 1530 βλέπω
745 1481 833 1527 τοὺς
859 1480 1088 1529 ἀνθρώπους
1110 1479 1332 1529 κατέχοντας
1353 1481 1417 1519 καὶ
1439 1479 1508 1528 τὴν
1531 1481 1742 1529 βαϊοφόρον

312 1542 330 1565 o
355 1542 378 1564 α
401 1541 522 1571 οντας.

727 1842 1158 1893 CAPUT
1233 1843 1322 1894 VI.

381 1976 416 2009 p.
436 1966 480 2000 69
496 1976 532 1999 v.
553 1966 606 2000 12.
630 1961 720 2010 μετὰ
745 1964 955 2009 φορέματος
977 1966 1121 2010 λευκοῦ]
1146 1961 1236 2007 ὅπερ
1262 1961 1337 1999 ἐστὶ
1351 1960 1546 2008 τεκμήριον
1559 1960 1744 1996 πενθούν-

290 2021 364 2051 τωρ
396 2009 593 2055 βασιλέων,
626 2010 782 2055 scripsit,
815 2012 872 2054 qui
902 2012 976 2056 ipse
1006 2012 1132 2053 induit,
1167 2011 1424 2043 cantacuzenus
1456 2010 1478 2042 l.
1509 2009 1542 2043 3.
1573 2009 1616 2041 ob
1639 2007 1743 2042 filium

290 2054 356 2089 sibi
380 2060 492 2088 natum
515 2055 549 2088 in
575 2056 629 2089 avi
663 2060 768 2089 morte
799 2061 986 2100 assumptas
1017 2061 1132 2088 vestes
1158 2055 1318 2098 lugubres
1347 2053 1501 2098 deposuit
1531 2053 1743 2087 Andronicus

290 2104 381 2134 teste
406 2101 564 2143 Gregora
589 2102 632 2135 10
657 2102 699 2135 3:
731 2097 931 2144 περιχαρὴς
961 2098 1153 2144 γενόμενος
1184 2099 1204 2135 ὃ
1241 2095 1408 2145 βασιλεὺς
1435 2095 1592 2143 ἥμειψεν
1615 2096 1668 2138 εἰς
1699 2095 1743 2132 τὰ

289 2142 542 2188 λαμπρότερον
564 2142 611 2179 τοὶ
635 2141 840 2189 ἐνδύματα,
864 2143 890 2180 ὁὶ
919 2142 982 2179 διὰ
1006 2144 1074 2190 τὴν
1095 2146 1162 2179 τοῦ
1184 2143 1340 2178 πάππου
1362 2140 1533 2188 τελευτὴν
1555 2140 1646 2183 τέως
1667 2139 1743 2178 ἐνε-

287 2187 436 2225 δέδυτο.
462 2201 661 2236 purpuream
688 2194 799 2224 tamen
825 2190 1032 2234 chlamydem
1055 2191 1128 2224 sive
1156 2191 1353 2234 mandyam,
1384 2189 1539 2234 μαντίον
1570 2189 1638 2233 (ita
1659 2189 1746 2223 scri-

288 2241 381 2281 ptum
413 2236 564 2281 reperio)
596 2235 834 2279 πορφυροῦν,
858 2236 893 2269 ἰη
919 2236 1112 2270 calamitate
1135 2236 1268 2281 publica
1301 2235 1420 2269 tulisse
1454 2235 1613 2269 Iustinum
1643 2234 1746 2269 miror

290 2281 379 2326 apud
412 2281 665 2326 Theophanem.
699 2285 777 2315 ante
805 2281 930 2315 bellum
962 2282 1133 2315 Persicum
1163 2282 1277 2325 nigros
1306 2281 1438 2314 calceos
1465 2279 1660 2314 Heraclium
1682 2291 1746 2324 ge-

290 2332 402 2361 stasse
425 2327 599 2361 Cedrenus
619 2326 777 2360 ostendit.
800 2326 851 2360 sin
873 2327 980 2360 minus
1004 2327 1196 2361 muliebrem
1219 2327 1462 2371 imperatores,
1482 2325 1611 2370 regium
1633 2331 1746 2359 tamen

291 2372 392 2406 hodie
414 2372 539 2407 luctum
561 2373 596 2406 in
619 2371 761 2406 Oriente
783 2371 910 2405 ducunt
932 2373 1092 2406 seminaez
1119 2373 1210 2406 nulla
1233 2378 1285 2406 est
1307 2371 1394 2405 enim
1415 2382 1504 2416 quae
1526 2371 1616 2405 lineo
1634 2375 1744 2404 totum

291 2429 416 2462 corpus
440 2418 702 2462 circumtegente
725 2417 798 2451 velo
822 2418 966 2451 colorem
990 2419 1101 2452 album
1130 2430 1198 2452 non
1230 2422 1387 2451 assumat.
1417 2416 1578 2450 uxoribus
1611 2415 1744 2460 quidem

292 2465 407 2497 fuscas
430 2464 635 2498 solummodo
658 2467 771 2497 vestes
801 2462 836 2496 in
860 2463 1036 2506 coniugum
1066 2464 1260 2505 funeribus,
1294 2462 1479 2506 virginibus
1502 2461 1603 2495 etiam
1627 2459 1744 2494 candi-

291 2509 352 2542 das
371 2509 404 2542 in
428 2515 602 2554 parentum
623 2510 831 2554 fratrumque
853 2508 945 2542 luctu
968 2520 1089 2552 gerere
1111 2509 1265 2543 solitum.-
1298 2508 1383 2541 viris
1409 2507 1538 2542 nonnisi
1558 2506 1688 2551 nigrum
1709 2505 1744 2539 in

293 2565 568 2599 quorumcunque
591 2555 685 2588 obitu
707 2555 798 2589 serre
819 2554 961 2588 colorem
985 2566 1027 2587 ex
1051 2565 1143 2588 more
1165 2555 1292 2589 licitum
1315 2558 1380 2587 est.

405 2631 454 2671 ib.
473 2643 506 2667 v.
529 2631 591 2671 13.
641 2633 732 2667 nota
761 2642 900 2667 morem
928 2628 1078 2678 lugendi
1107 2634 1235 2667 nostro
1263 2627 1504 2666 contrarium:
1532 2637 1618 2663 nam
1642 2625 1743 2675 apud

293 2699 362 2724 nos
391 2690 514 2723 vestes
543 2687 722 2724 candidae
747 2686 872 2736 gaudii
896 2686 1020 2737 potius
1060 2698 1172 2734 quam
1209 2686 1329 2722 luctus
1363 2685 1618 2732 argumentum
1646 2684 1747 2718 sunt.

299 2742 582 2780 Cantacuzenus
610 2742 631 2779 l.
661 2743 688 2783 3
714 2742 888 2780 historiae
914 2755 944 2778 c.
965 2744 1042 2786 27,
1069 2742 1115 2778 de
1146 2743 1205 2779 (lie
1229 2739 1475 2779 coronationis
1503 2750 1593 2776 suae
1619 2749 1750 2787 agens,

295 2799 350 2837 ita
375 2798 513 2837 scribit.
562 2798 733 2851 postridie
759 2797 1042 2851 (coronationis)
1076 2802 1184 2836 vestes
1221 2799 1305 2836 auri
1338 2795 1523 2834 subtemine
1549 2796 1749 2846 picturatas
