1832 3178
206 193 238 241 4
631 196 830 241 CODINI
864 196 1262 242 CUROPALATAE

209 312 411 365 οῗκονομεῒ
434 314 492 369 τῷ
518 310 696 368 ἀρχιερεῖ
711 314 777 354 καὶ
800 316 849 368 τῇ
869 312 1071 372 ἐκκλησίᾳ.
1209 309 1230 354 ὃ
1250 311 1376 368 μέγας
1397 307 1671 369 σακελλάριος,

208 384 368 436 κρατῶν
391 380 441 422 τὰ
466 379 628 437 ἀνόρῷα
649 382 715 423 καὶ
738 387 940 436 γυναικεῖα
958 377 1233 438 ιιοναστνὴρια,
1269 379 1369 435 ἔχων
1389 378 1593 437 ὑπουργὸν
1619 383 1674 430 εἷς

208 453 327 491 τοῦτο
361 448 431 490 τὸν
465 447 642 504 ἄρχοντα
674 453 753 491 τῶν
781 450 1074 507 μοναστηρίων.
1211 447 1232 491 ὃ
1255 450 1381 504 μέγας
1403 445 1671 504 σκευοφῦλαξ,

209 520 369 574 κρατῶν
401 515 453 558 τὰ
482 515 603 571 σκεύη
632 521 705 571 τῆς
733 518 954 573 ἐκκλησίας.
1092 514 1113 559 ὅ
1130 516 1418 574 χαρτοφύλαξ,
1445 520 1603 573 κρατῶν
1621 517 1671 559 τὰ

160 591 191 627 D
215 585 522 640 ἐκκλησιαστικά
545 590 716 643 χαρτῷα
743 586 995 641 δικαιώματα
1007 618 1020 638 ,
1055 586 1195 641 κριτὴς
1218 590 1297 628 τῶν
1317 584 1421 628 ὅλων
1439 583 1705 627 ὕποθέσεωνὸ

211 658 292 697 τῶν
321 655 682 707 ἕκκλησιαστικῶν,
717 653 818 708 ἔχων
850 655 923 705 τὰς
953 655 1128 710 γαμικὰς
1157 652 1392 704 ὑποθέσεις,
1428 652 1616 695 ἀλλὰκαὶ
1635 654 1676 694 ἐν

210 728 298 771 ταῖς
316 725 474 771 λοιπαῖς
491 726 571 763 τῶν
588 726 787 779 κληρικῶν
809 721 1050 766 ὑποθέσεσιν
1067 722 1222 773 ἔκδικος
1240 721 1295 773 ὥς
1315 721 1426 772 δεξιὰ
1446 725 1518 763 τοῦ
1539 720 1675 777 ἀρχιε-

211 790 311 847 ρέως
339 791 442 846 χὲῖρ·
579 787 601 832 ὅ
636 793 872 843 σακελλιόυ,
907 796 1065 848 κρατῶν
1097 791 1173 841 τὰς
1206 790 1431 840 καθολικὰς
1465 790 1677 839 ἐκκλησίας

211 859 277 900 καὶ
307 858 352 900 τὸ
385 858 557 901 σακέλιν.
696 858 717 902 ὅ
746 862 1014 918 πρωτέκδικος
1039 862 1094 910 εἷς
1116 860 1160 901 τὸ
1183 857 1559 913 ἀντιλαμβάνεσθαι
1582 858 1677 908 τοὺς

212 925 516 981 αῗχμαλώτους,
556 928 622 969 καὶ
646 929 784 985 κριτὴς
804 935 884 971 τῶν
907 929 1206 985 ἓγκληματικῶν
1225 926 1472 970 ὑποθέσεων.
1688 931 1733 966 10

351 1011 476 1059 Οὗτοι
507 1016 710 1074 κάθηνται
739 1021 781 1061 ἐν
808 1023 860 1076 τῇ
888 1020 984 1079 θεία
1023 1019 1091 1060 καὶ
1133 1018 1222 1078 ἱερᾷ
1261 1015 1418 1076 συνόδῳ
1459 1015 1562 1072 μετὰ
1603 1018 1679 1059 τοῦ

209 1085 440 1143 ἀρχιερέως.

343 1197 407 1240 ‘H
430 1198 598 1255 δευτέρα
624 1196 782 1249 πεντάς.
830 1197 851 1241 ὅ
883 1196 1206 1257 πρωτονοτάριος
1234 1195 1348 1255 θύρα
1371 1201 1452 1240 τῶν
1475 1197 1679 1247 {Zmara-

112 1276 143 1312 Ρ
165 1277 188 1312 3
211 1266 376 1319 κοίλων,
416 1268 482 1310 καὶ
514 1270 569 1317 εἰς
596 1267 648 1309 τὰ
675 1266 875 1310 πιττάκια.
1011 1266 1032 1310 ὃ
1069 1268 1290 1323 λογοθέτης
1321 1269 1377 1317 εἷς
1405 1266 1452 1309 τὸ
1482 1269 1678 1322 λογογρα-

211 1342 322 1392 φεῖν,
350 1338 416 1377 καὶ
445 1338 499 1386 εἷς
524 1335 598 1386 τὰς
622 1336 874 1390 δημοσιακάς
895 1337 961 1378 καὶ
984 1336 1224 1394 ἀρχοντικὰς
1246 1334 1461 1384 ὑποθέσεις
1479 1338 1676 1390 λογογρα-
1690 1340 1733 1376 15

211 1411 313 1460 φεῒν.
451 1402 472 1445 ὅ
517 1406 771 1462 κανστρίσιος
810 1406 865 1454 εἷς
891 1405 937 1447 τὸ
971 1406 1184 1463 κανστρέον
1212 1406 1278 1446 καὶ
1305 1403 1435 1454 εἶς’τό
1463 1400 1679 1444 ἀλλάσσειν

209 1472 279 1514 τὸν
316 1472 517 1529 ἀρχιερέα.
653 1471 675 1514 ὅ
708 1472 1016 1532 ρεφερενὸάριος
1042 1477 1098 1524 εἷς
1121 1473 1167 1515 τὸ
1191 1472 1511 1514 ἀποστέλλεσθαι
1535 1472 1589 1520 εἷς
1608 1469 1678 1512 τὸν

206 1542 379 1593 βασιλέα
403 1543 470 1583 καὶ
492 1543 548 1590 εἷς
565 1540 692 1596 μέγαν
712 1540 903 1598 ἄρχοντα.
1040 1541 1062 1585 ὃ
1092 1538 1528 1598 ὗπομνηματογράφων
1552 1539 1608 1588 εἷς
1630 1537 1677 1580 Τὸ

207 1608 379 1666 γράφειν
400 1609 452 1651 τὰ
472 1607 758 1664 ὖπομνήματα.

302 1739 348 1772 16
369 1737 600 1782 καστρίνσιος
622 1739 651 1773 L
665 1766 675 1785 ,
697 1737 963 1785 κανστρῆνσιος
983 1739 1044 1775 alii

207 1861 310 1896 quam
333 1850 502 1886 ecclesiae
525 1850 590 1886 hac
614 1851 651 1886 in
674 1864 713 1886 re
735 1853 958 1898 dispensator
978 1858 1046 1888 est.
1186 1863 1328 1897 magnus
1349 1849 1551 1886 sacellarius
1575 1847 1682 1883 habet

207 1908 271 1931 sua
301 1896 338 1930 in
371 1902 546 1941 potestate
578 1897 732 1931 virorum
762 1904 798 1931 et
830 1898 1009 1931 mulierum
1032 1898 1263 1941 monasteria,
1299 1903 1335 1930 et
1359 1898 1403 1930 ad
1430 1897 1496 1930 hoc
1522 1894 1680 1928 ministro

206 1953 270 1976 seu
303 1941 463 1976 adiutore
497 1942 606 1977 utitur
632 1943 810 1988 praefecto
834 1943 1134 1977 monasteriorum.
1275 1953 1420 1987 magnus
1444 1939 1681 1986 sceuophylax

207 1999 271 2022 seu
309 1999 471 2022 vasorum
508 1994 624 2022 custos
657 1999 719 2022 sua
748 1989 785 2022 in
809 1994 986 2033 potestate
1009 1989 1114 2022 habet
1137 1987 1308 2022 ecclesiae
1331 1998 1416 2022 vasa
1440 1998 1501 2022 seu
1526 1985 1682 2031 supelle-

208 2033 337 2072 ctilem.
478 2033 732 2079 chartophylax
755 2034 892 2068 tabulas
917 2034 1023 2068 habet
1045 2034 1248 2068 chan-taceas
1272 2033 1315 2068 ad
1339 2034 1418 2067 iura
1443 2031 1682 2067 ecclesiastica

208 2079 427 2126 pertinentes
467 2080 560 2122 (hoc
592 2086 667 2124 est,
702 2080 822 2114 literas
855 2080 982 2124 quibus
1015 2079 1202 2125 privilegia
1238 2085 1273 2114 et
1304 2079 1371 2114 alia
1400 2079 1478 2113 iura
1509 2077 1680 2112 ecclesiae

207 2125 456 2168 continentur)
481 2131 518 2159 et
542 2130 596 2159 est
619 2125 723 2159 iudex
746 2126 894 2160 oninium
918 2137 1097 2159 causarum
1121 2125 1453 2169 ecclesiasticarum,
1477 2129 1513 2159 et
1537 2128 1682 2158 contro-

208 2171 337 2205 versiis
371 2171 678 2206 matrimonialibus
714 2172 964 2215 cognoscendis
989 2172 1032 2206 ad
1056 2171 1259 2205 dirimendis
1288 2170 1479 2216 praesidet.
1527 2169 1612 2223 quin
1645 2173 1681 2202 et

207 2217 245 2251 in
278 2216 405 2251 ceteris
441 2217 643 2251 clericorum
677 2217 797 2251 litibus
829 2218 934 2252 iudex
968 2223 1041 2262 est,
1083 2222 1247 2262 tanquam
1281 2218 1427 2251 dextera
1459 2213 1683 2260 patriarchae

206 2273 342 2297 manus.
483 2264 682 2307 praefectus
715 2262 834 2297 sacelli
863 2275 927 2298 sua
957 2263 993 2297 in
1026 2268 1201 2309 potestate
1224 2263 1330 2297 habet
1354 2261 1544 2296 catholicas
1568 2260 1681 2295 eccle-

206 2308 277 2342 sias
302 2312 339 2342 et
361 2307 538 2342 sacellum.
677 2309 870 2353 protecdici
900 2320 1021 2343 munus
1053 2310 1096 2343 ad
1127 2320 1243 2343 curam
1271 2309 1489 2353 captivorum
1520 2305 1681 2340 extendi-

207 2359 285 2396 tur3
321 2359 357 2388 et
389 2358 443 2388 est
474 2354 574 2389 simul
607 2354 712 2389 iudex
736 2355 884 2389 omnium
908 2354 1220 2401 querimoniarum,
1255 2366 1345 2400 quae
1369 2354 1414 2389 ad
1436 2353 1550 2387 forum
1579 2351 1679 2387 defe-

207 2404 345 2435 runtur.

300 2458 367 2493 Isti
391 2457 518 2492 sedent
539 2457 575 2492 in
599 2469 699 2493 sacra
722 2458 890 2492 concione
914 2469 990 2492 cum
1014 2456 1227 2502 patriarcha.

299 2537 482 2572 Secundus
515 2536 708 2582 quinarius.
750 2537 1010 2582 protonotarius
1041 2535 1166 2571 ostium
1198 2538 1252 2569 est
1285 2538 1321 2569 et
1343 2534 1458 2570 aditus
1482 2534 1527 2570 ad
1550 2545 1679 2569 exoca-

207 2583 382 2627 tacoelos,
409 2589 620 2628 praeestque
640 2583 796 2628 pittaciis
818 2582 1055 2617 conficiendis.
1197 2581 1375 2625 logotheta
1397 2585 1539 2627 praeest
1560 2580 1680 2614 discu-

206 2628 337 2662 tiendis
362 2634 398 2662 et
416 2628 681 2663 conscribendis
699 2628 914 2673 rationibus,
943 2633 1012 2662 tam
1036 2638 1122 2673 quas
1147 2627 1298 2661 reddunt
1318 2626 1378 2672 qui
1398 2639 1441 2661 ex
1460 2625 1562 2671 plebe
1577 2636 1680 2670 quam

206 2673 268 2718 qui
304 2685 348 2707 ex
382 2675 505 2708 ordine
528 2675 763 2710 ecclesiastico
788 2674 988 2720 principali.
1128 2673 1331 2707 canstrisius
1357 2672 1509 2706 canistro
1535 2671 1682 2718 praese·

205 2725 282 2753 ctus
306 2725 370 2762 est,
397 2726 431 2753 et
458 2721 688 2765 patriarchae,
712 2721 791 2755 dum
814 2720 971 2755 vestibus
994 2719 1104 2754 sacris
1127 2720 1293 2762 induitur,
1318 2717 1442 2754 servit.
1581 2717 1680 2751 refe-

203 2764 361 2803 rendarii
390 2777 508 2800 munus
545 2772 599 2801 est
633 2772 671 2801 ut
703 2767 861 2802 mittatur
894 2766 938 2800 ad
970 2766 1213 2810 imperatorem
1247 2770 1283 2798 et
1312 2764 1355 2797 ad
1387 2774 1546 2808 magnum
1576 2762 1679 2807 prin-

205 2809 331 2854 cipem.
469 2812 530 2857 qui
548 2824 569 2848 a
588 2811 844 2849 commentariis
864 2817 938 2858 est,
962 2811 1159 2847 scribendis
1178 2808 1434 2845 commentariis
1452 2809 1529 2844 sive
1548 2819 1679 2843 memo-

203 2855 351 2891 rialibus
376 2863 492 2891 vacat.
