1864 3164
505 153 509 156 ’
559 149 620 194 ΙΝ
639 149 836 194 comm
861 149 973 196 GAP.
1006 149 1086 194 Iv.
1436 150 1534 195 235

98 270 164 304 que
184 269 267 294 vero
289 257 448 293 michaeli
468 260 503 292 et
523 257 699 299 Gabrieli,
723 256 876 292 caelestis
896 257 1033 292 militiae
1053 256 1276 303 principibus.
1313 255 1460 291 Basilius
1478 268 1537 291 re-

97 305 185 348 giam
217 304 332 339 aedem
361 304 473 349 posuit
507 303 581 337 τῶν
612 299 908 348 ἅρχιστρατήγων
937 303 1069 338 dictam.
1125 302 1169 337 (le
1200 302 1380 341 Taeatho,
1411 302 1465 335 vel
1497 307 1536 336 ut

99 350 269 384 cedrenus
291 350 423 394 profert
442 348 597 388 Tzathm
628 347 791 382 Lazorum
823 359 908 392 rege
929 349 974 383 ad
994 348 1152 383 Iustinum
1176 349 1329 392 profecto
1350 347 1537 394 Theopha-

98 406 180 430 nen
218 391 324 438 ἔγημε
359 395 394 428 Τ
390 394 526 433 αίαθος
558 396 716 437 γυναῖκα
742 390 929 437 Ῥωμαίαν
961 391 1024 428 καὶ
1057 391 1206 438 ἔγγονον
1241 389 1336 436 ὁμοῦ
1366 393 1434 427 τοῦ
1460 389 1536 427 ἀπὸ

97 437 391 484 κουροπαλᾶτου.
437 444 474 474 et
494 439 603 473 infra:
636 438 902 482 προχειρισθεὶς
927 439 1094 479 Ταίαθος
1117 435 1282 484 βασιλεὺς
1301 439 1374 473 τῶν
1395 438 1539 481 Λαζῶν,

97 482 255 528 φορέσας
275 482 460 528 στέφανον
479 481 543 518 καὶ
563 481 729 528 χλαμύδα
753 481 941 529 βασιλικὴν
963 481 1108 528 ἄσπρην
1130 481 1150 517 ἕ
1170 494 1283 518 ουσαν
1304 482 1431 518 ταυλὶν
1450 495 1539 527 χρυ-

96 531 204 574 σοῦν,
240 526 280 565 ἐν
313 522 342 576 ᾦ
366 525 408 564 ἐκ
429 529 606 573 κεντητοῦ
624 525 842 573 ἔκεχᾶρακτο
866 525 888 573 ἡ
914 527 1022 564 εἰκὼν
1045 530 1112 564 τοῦ·
1134 496 1306 574 &moiliens-
1322 526 1537 573 Ἰουστίνου,

96 574 159 610 καὶ
181 571 343 620 στιχᾶριν
369 571 510 617 ἅσπρσν
541 570 624 618 ἕχον
655 573 814 618 πλουμία
842 575 958 619 χρυσᾶ
986 573 1050 608 καὶ
1083 571 1211 608 εἰκόνα
1241 574 1308 608 τοῦ
1341 571 1536 620 βασιλέως·

96 617 145 655 rii
168 617 238 665 γὰρ
261 619 409 664 τζαγγία
433 618 547 654 αὐτοῦ
568 616 697 663 ῤὀύσια
706 612 834 673 ᾖσαν,
870 617 999 663 ἔχοντα
1021 619 1244 664 μαργαρίτας
1266 619 1431 665 Περσικῷ
1452 618 1538 664 σχή-

97 678 208 710 ματι,
238 661 372 710 ὁμοίως
392 662 416 710 ἡ
441 663 534 709 ζώνη
560 661 674 698 αὐτοῦ
698 676 746 709 ην
767 665 881 708 χρυσῆ
903 662 967 698 διά
991 665 1236 708 μαργαρίτων.
1283 669 1451 699 caeterum
1475 676 1539 698 no-

97 711 270 746 bilioribus
293 711 390 744 aulae
413 711 473 744 GP
496 710 692 756 proceribus
714 709 849 744 viliores
871 711 1082 744 ecclesiarum
1105 710 1139 743 in
1164 709 1284 743 Galliis
1301 710 1441 744 ministri
1459 710 1540 744 licet

98 767 164 791 nou
189 756 268 790 mihi
289 760 487 791 censeantur
510 755 734 799 exaequandi,
756 754 790 788 in
811 755 854 789 iis
876 761 987 789 tamen
1009 756 1151 790 observo
1177 755 1379 796 bicolor-em,
1407 755 1450 789 de
1472 767 1541 800 qua

98 806 179 836 nota
200 801 375 847 sequenti,
395 801 559 844 tunicam,
582 797 750 846 διβολέον
771 798 1014 844 σκαρᾶνικον,
1050 800 1156 835 sancti
1178 800 1272 834 cuius
1293 800 1455 834 ecclesiae
1478 801 1542 834 mi-
1580 830 1582 832 ,

100 847 243 881 nistrant
266 843 487 891 ἰνοιιοπητὸν
508 843 634 880 εἰκόνα
656 843 864 889 ἔμπροσθεν
887 845 1016 892 pectori
1041 845 1198 887 affixam,
1232 845 1437 880 δικανίκιον
1459 850 1541 879 tan-

99 892 173 925 dem
204 892 239 926 iu
272 903 385 926 eorum
415 891 566 926 manibus
596 891 691 925 nodis
725 890 893 935 argenteis
926 891 1127 936 calamisque
1150 891 1289 924 diversis
1316 891 1540 934 conspicuum,

97 935 263 1017 σῖιὲάδιον
284 948 419 983 quoque
441 937 485 971 ab
507 936 579 970 aliis
600 936 784 980 diversum3
819 936 940 982 quibus
962 936 1054 971 aliud
1084 936 1276 982 praemissis
1306 936 1443 971 similius
1473 947 1540 971 uon

98 994 132 1016 vr
156 993 207 1020 eo.

209 1055 247 1092 p.
263 1041 316 1083 17
342 1052 376 1079 v.
395 1043 459 1084 17.
489 1039 532 1080 ἐκ
550 1039 688 1088 δεξιῶν
709 1038 857 1092 μέντοι]
886 1040 1011 1078 Iunius
1031 1041 1139 1091 plane
1158 1053 1329 1092 perverse
1350 1041 1542 1092 pervertit,

98 1097 251 1134 mutatis
264 1097 452 1146 angeli-sin
471 1097 638 1134 nuntios:
668 1097 754 1145 quia
781 1097 878 1134 enim
894 1109 1055 1134 summus
1083 1098 1280 1147 imaginum
1303 1098 1420 1134 hostis
1448 1101 1543 1147 erat,

99 1153 197 1190 hanc
209 1153 424 1202 angelorum
441 1153 658 1202 imaginibus
675 1153 713 1190 in
726 1153 911 1191 scaranico
943 1155 1068 1202 magni
1095 1154 1285 1191 domestici
1316 1153 1468 1203 gloriam
1486 1153 1543 1190 in-

99 1208 211 1254 vidit3
238 1209 375 1258 itaque—¹
388 1221 434 1246 ex
460 1208 599 1258 angelis
618 1212 756 1246 nuntios
789 1209 896 1258 fecit,
925 1210 1028 1257 quasi
1054 1209 1208 1260 proximi
1235 1210 1283 1246 ab
1309 1209 1544 1259 imperatoria

99 1264 282 1313 dignitate
295 1277 378 1302 eum
395 1265 571 1302 honorem
589 1264 663 1301 suis
690 1265 826 1302 nuntiis
845 1269 884 1302 et
904 1269 947 1302 ut
963 1269 1099 1303 vocant
1121 1265 1347 1314 brevigerulis
1366 1269 1405 1302 et
1433 1264 1546 1302 tabel-
1610 1254 1619 1259 ’

99 1320 201 1357 lariis
220 1320 433 1370 habuerint,
459 1324 503 1358 ut
520 1333 584 1358 eos
608 1333 676 1358 sua
695 1321 733 1358 in
756 1325 858 1358 veste
875 1321 1083 1371 effigiarent
1104 1325 1143 1358 et
1162 1321 1368 1371 margaritis
1390 1333 1546 1358 exorna-

100 1378 193 1413 rent.
221 1375 377 1414 observa
402 1376 461 1414 hic
486 1389 625 1413 morem
646 1377 807 1414 addendi
828 1377 1055 1414 vestimentis
1081 1389 1157 1414 non
1179 1381 1326 1414 tantum
1349 1377 1547 1425 imaginem

100 1431 352 1481 imperatoriS,
379 1433 447 1469 sed
460 1436 500 1469 et
515 1436 727 1469 sanctorum
751 1432 974 1481 angelorum.
1002 1433 1076 1468 imo
1102 1432 1188 1470 olim
1215 1432 1328 1482 vulgo
1351 1433 1463 1470 etiam
1481 1444 1549 1469 va-

101 1487 237 1524 riorum
254 1491 465 1524 sanctorum
483 1491 522 1524 et
539 1491 740 1535 martyrum
758 1488 897 1536 effigies
919 1488 995 1524 suis
1007 1487 1176 1532 vestibus
1201 1487 1478 1538 appingebant,
1505 1490 1551 1524 ut

103 1555 148 1579 ex
176 1541 312 1580 Asterii
341 1542 489 1580 Amasei
515 1542 678 1580 Homilia
707 1544 868 1590 quadam
900 1547 1057 1580 constat.
1092 1543 1206 1580 sacris
1234 1542 1397 1580 vestibus
1425 1554 1550 1580 sacras

102 1598 280 1647 imagines
295 1598 432 1635 addere
450 1598 726 1635 usitatissimum
754 1601 854 1643 erat3
882 1598 1038 1648 plurima
1055 1598 1162 1635 huius
1190 1599 1241 1636 rei
1268 1598 1436 1649 exempla
1457 1611 1549 1649 sup-

100 1653 248 1704 peditat
266 1653 484 1693 Anastasius
501 1654 539 1690 in
557 1652 775 1690 Pontificum
793 1653 899 1691 Vitis.
926 1654 965 1690 in
987 1652 1114 1691 Leone
1127 1653 1203 1691 III:
1225 1653 1315 1704 fecit
1341 1657 1379 1692 in
1406 1655 1550 1692 ecclesia

103 1709 253 1747 doctoris
266 1709 388 1748 mundi
402 1711 433 1748 b.
458 1709 568 1748 Pauli
587 1710 736 1759 apostoli
753 1710 922 1747 tetravela
942 1709 1127 1747 holoserica
1145 1710 1296 1747 alithina
1312 1713 1496 1760 quattuor,
1516 1713 1550 1747 et

104 1769 230 1802 vestem
245 1778 344 1816 svper
359 1765 472 1803 altare
485 1765 600 1802 albam
616 1765 887 1815 chrysoclavam‚
902 1765 1076 1803 habentem
1086 1767 1266 1803 historiam
1277 1772 1420 1803 sanctae
1434 1779 1548 1803 resur-

103 1823 277 1858 rectionis.
305 1825 338 1858 et
356 1821 465 1858 aliam
485 1825 608 1858 vestem
636 1821 913 1871 chrysoclavam,
943 1821 1118 1858 habentem
1148 1822 1325 1858 historiam
1347 1823 1549 1858 nativitatis

103 1876 235 1914 domini
251 1881 284 1914 et
301 1890 346 1914 ss.
365 1879 603 1914 innocentiam.
632 1879 699 1914 imo
716 1880 750 1913 et
772 1878 880 1914 aliam
895 1881 1017 1914 vestem
1040 1877 1208 1927 Tyriam,
1236 1877 1410 1914 habentem
1439 1877 1549 1914 histo-

104 1935 197 1969 riam
219 1934 315 1970 caeci
334 1933 532 1970 illuminati
547 1936 580 1969 et
603 1935 889 1971 resurrectionem.
919 1933 1009 1970 idem
1022 1937 1135 1970 autem
1150 1935 1386 1970 sanctissimus
1406 1933 1551 1983 praesul

99 1988 191 2039 fecit
207 1990 246 2026 in
268 1988 416 2026 basilica
434 1989 466 2026 b.
480 1987 624 2026 Mariae
642 1988 693 2026 ad
710 2001 872 2039 praesepe
891 1992 1015 2026 vestem
1037 1988 1151 2025 albam
1176 1988 1432 2039 chrysoclavam
1444 2018 1456 2035 ‚
1479 1989 1550 2027 ha-

104 2044 234 2081 bentem
264 2044 443 2082 historiam
466 2047 607 2082 sanctae
633 2046 900 2082 resurrectionis.
928 2044 987 2082 sed
1013 2048 1046 2082 et
1077 2044 1186 2082 aliam
1205 2049 1330 2082 vestem
1351 2045 1392 2081 in
1416 2045 1550 2082 orbicu-

106 2099 151 2136 lis
188 2099 442 2149 chrysoclavis‚
477 2100 651 2137 habentem
683 2100 846 2138 historias
891 2102 1167 2138 annuntiationis
1199 2105 1232 2138 et
1266 2115 1311 2138 ss.
1342 2098 1490 2137 Ioachin
1517 2104 1552 2137 et

105 2156 240 2192 Annae.
266 2155 364 2191 idem
390 2156 437 2192 de
461 2156 609 2192 eodem:
647 2158 686 2192 in
712 2155 817 2193 titulo
836 2155 1055 2193 Pammachii
1076 2169 1177 2206 super
1200 2156 1314 2194 altare
1331 2170 1378 2193 ss.
1406 2154 1553 2194 Ioannis

106 2214 141 2247 et
161 2209 272 2247 Pauli
288 2209 379 2259 secit
405 2214 530 2247 vestem
549 2211 665 2247 albam
687 2210 928 2258 holosericam,
958 2215 1116 2249 amatam
1145 2213 1183 2249 in
1209 2225 1298 2263 gyro
1322 2212 1363 2249 de
1381 2211 1553 2262 fundata,

108 2266 284 2303 habentem
302 2266 484 2303 historiam
497 2267 662 2316 crucifixi
675 2268 884 2304 ascensionis
903 2271 935 2304 et
950 2271 1168 2317 pentecostes.

199 2341 244 2374 ib.
266 2351 303 2375 v,
324 2341 382 2374 21.
404 2336 591 2393 διβολέον]
615 2339 656 2374 (le
680 2338 778 2373 simili
801 2339 948 2374 bicolore
971 2341 1088 2376 Ducae
1112 2341 1224 2375 tunica
1245 2351 1428 2375 sermonem
1451 2340 1555 2373 habet.

110 2386 253 2420 Nicetas
275 2385 456 2419 Andronici
479 2384 504 2418 l‘.
527 2386 570 2419 2:
593 2381 635 2418 τὸ
658 2385 758 2427 σῶμα
782 2385 902 2430 λωπίῳ
926 2384 1092 2432 διχρώμῳ
1116 2389 1256 2430 συνεῖχε
1278 2384 1361 2426 περὶ
1381 2382 1450 2428 τὴν
1475 2380 1554 2425 ἰξὺν

109 2430 370 2475 καταβαίνοντι
426 2427 547 2463 ἔκτοτε
579 2426 620 2463 δὲ
655 2427 896 2473 διαιρουμένω
929 2430 1026 2475 διχῆ.
1074 2431 1139 2464 alia
1169 2431 1269 2464 lectio
1301 2429 1396 2473 ponit
1427 2429 1556 2472 φορῶν

111 2472 245 2520 ῥὀὖχον
276 2455 418 2519 σχιστδν
448 2471 488 2508 ἐκ
517 2471 715 2518 χρωμάτων
751 2472 834 2510 δύο.
873 2465 1068 2511 'revocanda
1100 2477 1164 2509 huc
1187 2475 1344 2511 nonnulla
1369 2486 1412 2508 ex
1434 2474 1551 2519 positis

111 2526 192 2555 uota
215 2521 389 2566 superiore
410 2519 452 2553 ad
476 2531 510 2564 p.
534 2521 576 2554 17
597 2531 631 2554 v.
658 2520 714 2557 15.

202 2599 236 2632 p.
254 2590 296 2623 18
311 2599 346 2621 v.
370 2588 402 2621 6.
427 2583 472 2619 τὰ
495 2582 715 2629 ὑποδήματα
741 2585 809 2619 τοῧ
836 2584 1181 2632 πανυπερσεβοὲστου
1211 2584 1368 2630 κίτρινα]
1405 2586 1447 2620 ab
1478 2585 1551 2620 An-

113 2632 249 2666 dronico
273 2632 413 2666 Seniore
435 2631 572 2664 inventa
596 2635 709 2664 narrat
732 2631 905 2674 Gregoras
927 2633 949 2666 7
973 2633 1034 2665 28:
1074 2628 1271 2673 ἐτετιμήκει
1302 2627 1344 2664 δὲ
1374 2627 1551 2674 Ἰωάννην

113 2673 226 2716 εὐθὺς
254 2676 318 2711 καὶ
348 2677 403 2721 τῷ
435 2676 501 2710 τοῦ
530 2674 876 2720 πανυπερσεβάστου
907 2673 1104 2719 ἀξιώματι,
1145 2672 1166 2709 ὃ
1188 2675 1255 2708 νῦν
1279 2673 1342 2708 καὶ
1364 2672 1464 2722 αὐτῷ
1486 2673 1551 2709 διὰ

113 2718 179 2764 τὴν
203 2720 295 2764 πρὸς
318 2717 435 2756 αὐτὸν
456 2717 612 2764 στοργήν
634 2716 868 2763 ἐνδοξότερον
888 2715 914 2765 ἢ
934 2720 1115 2766 πρότερον
1138 2717 1208 2763 εἶχε
1231 2720 1357 2763 πολλῷ
1377 2718 1552 2764 κατεστή-

113 2777 201 2801 σατο
215 2779 225 2788 ·
250 2763 419 2812 ἐνδύμασι
443 2763 511 2811 γὰρ
537 2764 598 2800 καὶ
627 2764 788 2806 πεδίλοις
809 2763 942 2810 αὐτοῦ,
964 2764 1032 2802 ’ὅσα
1054 2762 1120 2800 τὸν
1145 2764 1260 2799 ἵππον
1283 2761 1398 2800 αὐτοῦ
1413 2768 1552 2811 κοσμεῖ,
