1864 3164
272 186 370 234 418

313 294 380 336 44,
406 295 460 330 11.
483 295 536 328 est
559 297 676 329 cantor
701 293 777 330 164.
803 294 918 327 cantat
933 292 976 326 ad

313 351 460 375 mensam
494 344 529 374 et
561 340 648 373 tollit
681 338 808 373 fercula
831 338 895 380 60,
919 339 976 374 17.

269 386 382 429 magni
411 385 529 419 titulus
563 384 734 419 ambitioni
767 385 976 417 Graecorum

313 433 493 475 frequens,
524 431 662 477 parcior
693 429 854 463 modestia
885 429 979 463 Laii-

314 488 432 510 norum
450 478 526 510 120.
544 476 665 521 partim
683 486 744 522 pro
765 475 977 509 distinctione

317 522 451 556 additur
474 523 557 555 ibid.

271 567 464 610 Magnaura
503 565 590 600 varii
635 565 766 600 artificii
804 564 978 611 palatIum,

317 613 440 646 dictum
468 616 502 645 et
525 612 693 655 Megaura
717 612 794 646 302.

270 658 482 692 Mahometes
506 657 694 691 Turcarum
711 657 860 691 sultanus
877 658 978 702 capta

316 704 399 736 urbe
417 703 626 736 Gennadium
644 702 867 747 patriarcham
884 706 977 735 certa

314 750 423 783 forma
448 753 542 782 creat
563 749 631 784 372
665 748 732 782 suis
756 747 904 782 manibus
919 747 978 781 dat

316 794 437 839 pedum
478 794 589 838 magni
629 793 748 838 pretii,
790 804 910 837 equum
943 796 978 827 et

314 840 473 885 templum
502 851 544 875 ss,
571 839 799 883 apostolorum
815 839 897 872 ibid.
915 839 976 872 sub

315 884 391 930 ipso
425 897 490 918 uno
523 885 732 929 patriarchae
763 895 883 918 novem
906 895 978 918 om-

317 930 394 963 nino
416 930 479 965 sibi
501 934 734 964 successerunt
756 930 834 965 373.

273 975 450 1020 mandyam
485 976 606 1010 coloris
643 975 798 1009 uberrimi
824 976 893 1009 fert
915 975 979 1008 im-

317 1022 468 1066 peratrix
493 1021 595 1055 vidua
615 1021 648 1054 in
676 1021 891 1055 coronatione
914 1032 978 1054 no-

318 1077 385 1100 vae
421 1068 484 1111 91,
536 1068 589 1102 19.
631 1067 805 1110 mandyam
843 1077 977 1100 aureum

318 1112 413 1145 exuit
435 1113 514 1158 imp.
539 1112 604 1152 95,
642 1112 695 1148 15.
730 1112 893 1156 mandyas
916 1123 978 1145 ve-

318 1157 380 1190 stis
409 1162 484 1191 erat
511 1158 694 1191 communis
724 1157 920 1202 patriarchis
943 1160 979 1192 et

317 1202 421 1247 impp.
447 1204 522 1238 379,
548 1204 778 1247 episcoporum
800 1208 896 1236 erant
916 1215 976 1236 un-

318 1247 424 1281 dulati
445 1248 610 1290 mandyae
633 1249 715 1284 ibid.
742 1248 774 1281 hi
797 1248 895 1282 fluvii
916 1259 977 1282 seu

320 1293 429 1326 undae
463 1293 602 1327 docendi
638 1293 782 1326 officium
815 1294 978 1326 notabant

318 1339 390 1372 ibid
424 1342 457 1372 et
480 1340 555 1373 166.
575 1339 734 1383 mandyas
749 1338 847 1372 etiam
862 1339 976 1371 ferunt

317 1383 489 1428 deputati,
521 1394 597 1417 cum
630 1395 676 1418 ss,
708 1383 914 1427 evangelium
942 1383 975 1416 in

318 1434 511 1472 suggestum
528 1432 692 1473 praeeunt
716 1429 792 1464 160.
819 1429 977 1472 mandyas

318 1474 532 1517 distinguitur
569 1485 589 1507 a
625 1485 723 1507 sacco
763 1475 841 1510 313.
881 1474 976 1508 varie

318 1519 479 1553 scribitur
503 1520 579 1554 168.
604 1520 680 1554 379.

274 1575 456 1608 mangones
478 1575 594 1599 canum
617 1564 700 1599 dicti
720 1567 898 1599 venatores
919 1565 976 1607 39,

274 1656 402 1690 manica
435 1659 577 1700 utraque
604 1655 767 1690 volitante
798 1656 866 1689 sert
895 1655 975 1700 imp.

318 1706 525 1745 granatzam,
540 1701 658 1746 reliqui
675 1701 866 1735 adstrictam
882 1706 976 1735 utra-

319 1757 406 1791 que,
432 1757 570 1791 magnus
592 1747 789 1780 domesticus
813 1758 878 1780 una
900 1753 976 1780 tan-

318 1797 389 1825 tum
407 1793 469 1833 63,
496 1793 537 1826 18
553 1811 600 1818 -
615 1793 676 1833 64,
701 1794 733 1828 7.
751 1794 896 1826 manicas
912 1803 976 1826 non

320 1837 425 1871 habet
448 1836 613 1880 φελώνη,
645 1849 742 1872 sacra
768 1837 874 1871 vestis
903 1839 977 1873 167.

275 1882 402 1916 mantili
419 1882 557 1926 ligatum
581 1882 788 1916 involucrum
808 1895 882 1917 cum
897 1895 976 1916 aca-

321 1928 373 1961 cia
389 1933 499 1961 monet
514 1928 588 1972 imp.
607 1928 818 1962 mortalitatis
836 1928 899 1971 51,
921 1930 976 1965 12.

319 1972 405 2005 idem
429 1978 543 2015 gestat
565 1973 598 2005 in
623 1973 737 2018 palmis
760 1975 823 2009 67.
847 1976 899 2008 17.

275 2015 463 2050 Manuelem
490 2024 525 2052 et
546 2017 700 2052 Ioannem
725 2018 867 2052 Asanios
887 2019 977 2052 Can-

321 2066 501 2097 tacuzenus
533 2062 673 2097 honorat
707 2064 768 2102 15,
811 2065 845 2098 8.
876 2064 975 2097 seba-

322 2111 524 2141 stocratores
547 2107 627 2140 facti
656 2110 739 2149 101,
762 2110 795 2143 8.
819 2109 853 2142 9.

276 2151 411 2185 Manuel
448 2152 725 2194 antepenultimus
761 2153 838 2197 imp.
874 2163 974 2185 reno—

322 2202 381 2230 vat
403 2197 669 2242 porphyreticam
691 2197 872 2241 columnam
897 2200 973 2231 3⁴0.

278 2252 306 2275 s.
332 2241 439 2275 Marci
481 2241 685 2285 evangelium
718 2245 823 2276 totum
855 2243 974 2276 lectio—

320 2287 414 2320 nibus
437 2288 563 2321 duabus
581 2286 615 2320 in
635 2286 840 2322 hebdomade
859 2299 975 2332 magna

320 2332 442 2366 lectum
467 2334 545 2368 317.

277 2388 325 2412 ss.
366 2378 555 2412 Marcianus
590 2383 625 2412 et
652 2378 832 2421 Martyrius
863 2382 975 2414 martt.

324 2426 359 2456 et
397 2424 518 2457 notarii
557 2425 644 2459 festo
692 2423 864 2465 honorati,
903 2424 972 2457 eius

323 2469 445 2502 abusus
469 2475 637 2503 correctus
660 2471 736 2505 270.

277 2515 477 2556 margaritae
505 2519 539 2548 et
560 2515 717 2559 margella
742 2526 770 2550 s.
802 2514 974 2559 margellia

321 2565 397 2591 sunt
420 2559 577 2593 distincta
599 2562 673 2595 224.

274 2604 467 2646 margellum
490 2617 516 2639 s.
547 2606 746 2650 margellium
776 2609 828 2639 est
861 2604 970 2638 coral-

320 2649 396 2681 lium
435 2654 470 2683 et
513 2650 589 2684 inde
623 2651 713 2684 dicta
747 2650 828 2684 varii
851 2649 970 2684 coloris

317 2700 710 2741 assumenta‚sumptuosa
719 2707 867 2741 auroque
874 2699 969 2729 texta

317 2739 543 2774 additamenta
585 2746 619 2775 et
659 2753 827 2789 purpurea
863 2741 968 2775 vesti-

318 2789 429 2818 menta
452 2785 530 2820 224.

273 2840 321 2864 ss.
355 2834 522 2873 martyres
554 2830 660 2876 primo
685 2831 826 2866 omnium
851 2829 965 2865 diade-

864 184 1140 231 GRETSERI

1065 295 1154 327 mate
1185 305 1214 327 s.
1250 303 1337 326 zona
1371 292 1505 327 militari
1544 292 1634 327 exuti
1673 293 1728 335 50,

1069 340 1121 374 15.
1146 338 1208 372 SS.
1234 343 1392 382 quattuor
1414 343 1600 383 martyrum
1629 338 1730 372 flam-

1067 385 1188 418 mulum
1213 383 1277 425 48,
1299 385 1332 418 3.

1021 440 1187 475 Matthaei
1225 439 1432 484 evangelium
1470 444 1576 475 totum
1607 438 1728 474 lectio-

1067 487 1162 520 nibus
1203 485 1332 519 duabus
1369 496 1488 530 magna
1523 486 1729 520 hebdomade

1066 532 1188 565 lectum
1216 532 1296 566 317.

1021 589 1216 623 matutinum
1235 587 1327 620 offic.
1342 586 1376 620 in
1400 586 1493 631 vigil.
1514 587 1647 621 nativit.
1670 587 1727 628 43,

1066 637 1123 669 20.
1146 635 1180 666 in
1198 632 1360 667 dominica
1379 633 1562 678 palmarum
1583 634 1648 674 67,
1671 634 1725 668 12.

1067 686 1102 713 et
1138 679 1274 722 lugente
1317 677 1395 723 imp.
1442 683 1519 712 ante
1557 678 1728 722 deiparam

1063 725 1235 759 victricem
1261 723 1392 757 canitur
1415 725 1481 768 69,
1506 726 1562 758 20.
1579 724 1640 758 sub
1656 734 1728 757 ma-

1065 770 1172 805 tutino
1198 771 1230 803 in
1257 769 1416 814 paschate
1431 774 1527 803 tenet
1547 769 1627 813 imp.
1644 770 1727 803 lam-

1066 815 1181 862 padem
1206 816 1317 848 datam
1340 825 1362 848 a
1384 819 1572 869 protopapa
1594 815 1651 855 73,
1671 815 1726 849 12.

1067 862 1130 895 sub
1153 861 1268 895 eodem
1302 861 1422 893 dantur
1453 872 1543 893 cerei
1577 860 1729 904 proceri-

1065 908 1129 941 bus
1161 913 1195 940 et
1227 910 1395 950 potestato
1429 905 1656 940 Genuensium
1678 906 1727 939 ib.

1069 953 1111 988 14
1136 957 1169 986 et
1191 953 1257 994 75,
1284 953 1316 986 1.
1340 951 1504 985 residuum
1537 951 1609 984 eius
1634 950 1726 984 cani-

1066 1002 1121 1032 tur
1146 998 1234 1031 circa
1251 996 1448 1030 vestibulum
1466 997 1625 1042 triclinii,
1649 996 1727 1030 dein

1066 1043 1108 1077 fit
1131 1041 1319 1076 benedictio
1345 1044 1412 1081 78,
1439 1044 1494 1078 18.

1021 1099 1331 1139 matzobarbulum,
1373 1098 1496 1132 missile
1536 1098 1579 1133 ad
1610 1097 1727 1144 procul

1066 1145 1252 1179 iaciendum
1275 1144 1355 1180 243.

1022 1206 1204 1236 matzucam
1227 1201 1300 1234 loco
1330 1201 1452 1246 sceptri
1476 1201 1544 1234 fert
1576 1200 1728 1246 protalo·

1066 1252 1167 1291 gater
1198 1248 1263 1286 25,
1297 1248 1353 1281 21.
1389 1247 1460 1280 eius
1485 1246 1603 1280 hastile
1627 1246 1729 1279 habet

1069 1292 1229 1338 βουτιόν,
1253 1292 1381 1325 buttam
1407 1304 1432 1325 s.
1457 1292 1623 1336 cupellam
1647 1291 1726 1329 245.

1021 1337 1053 1370 in
1092 1349 1120 1371 s.
1163 1337 1316 1370 Mauricii
1351 1337 1536 1370 tricesimus
1573 1338 1602 1369 b.
1636 1336 1726 1379 virg.

1065 1382 1187 1416 litaniis
1219 1383 1400 1416 honoratur
1430 1381 1624 1425 lngols‘tadii
1645 1380 1725 1417 344.

1021 1428 1197 1461 Medorum
1236 1439 1317 1471 gens
1356 1428 1531 1471 magnifica
1570 1427 1633 1468 53,
1667 1428 1725 1461 22.

1065 1484 1179 1507 eorum
1202 1473 1329 1506 iudices
1352 1473 1509 1517 mai-gella
1527 1477 1646 1507 tectam
1665 1483 1725 1505 au-

1065 1530 1134 1553 rem
1176 1518 1341 1552 accusatis
1381 1519 1563 1552 servabant
1591 1518 1655 1561 54,
1690 1518 1724 1554 5.

1066 1564 1245 1598 eorundem
1262 1563 1499 1598 consuetudine
1514 1564 1601 1598 vixit
1611 1563 1724 1608 Cyrus

1020 1655 1299 1699 megaloalogitae
1323 1654 1444 1689 milites
1472 1655 1534 1690 sub
1558 1659 1724 1700 stratope-

1065 1701 1189 1734 darcha
1210 1702 1255 1735 42
1269 1725 1280 1742 ,
1305 1701 1358 1735 12.

1021 1746 1183 1790 Megaura
1208 1746 1386 1791 palatium,
1411 1746 1446 1780 in
1469 1758 1509 1780 eo
1533 1745 1724 1779 deauratam

1065 1793 1219 1826 arborem
1247 1792 1402 1825 volucres
1443 1792 1616 1837 replebant
1644 1791 1724 1826 302.

1064 1838 1181 1870 solium
1198 1837 1350 1870 leonibus
1366 1837 1508 1881 irrugiit.
1526 1837 1608 1881 lmp.
1621 1846 1723 1882 penes

1064 1883 1223 1927 laqueare
1247 1882 1359 1916 subito
1386 1888 1524 1916 evectus
1549 1883 1629 1916 ibid.

1020 1928 1218 1962 Melissenus
1242 1927 1310 1961 Leo
1338 1929 1476 1962 fratrem
1500 1928 1655 1972 obiurgat
1675 1925 1723 1960 si-

1067 1979 1210 2007 romaste
1233 1973 1396 2007 intentato
1419 1974 1497 2007 242.

1020 2030 1041 2052 a
1064 2018 1231 2061 memoria,
1256 2018 1347 2053 offic.
1372 2018 1426 2052 58.
1452 2017 1554 2059 palat.
1579 2018 1633 2057 11,
1663 2016 1719 2053 17.

1063 2063 1252 2096 indumenta
1271 2063 1334 2103 26,
1357 2062 1389 2096 5.
1422 2061 1636 2096 ministerium
1659 2072 1722 2094 no-

1062 2113 1137 2140 tare
1171 2108 1261 2141 facta
1293 2107 1419 2140 honore
1448 2107 1550 2151 digna
1580 2107 1644 2148 41,
1683 2107 1719 2141 8.

1063 2152 1222 2186 convenit
1243 2162 1316 2186 cum
1342 2158 1538 2196 suggestore
1562 2152 1721 2187 ecclesia-

1063 2197 1148 2232 stico
1175 2197 1248 2233 143.

1019 2253 1131 2277 mensa
1171 2242 1246 2287 imp.

1064 2299 1202 2331 magnae
1220 2288 1431 2322 hebdomadis
1445 2290 1507 2330 71,
1535 2291 1588 2324 11.
1613 2298 1719 2332 neque

1063 2334 1097 2367 in
1120 2345 1239 2376 magno
1262 2335 1405 2368 sabbato
1421 2335 1465 2368 73
1479 2361 1487 2374 ‚
1508 2335 1539 2368 3.
1571 2344 1593 2367 a
1608 2343 1718 2367 mensa

1064 2379 1217 2412 dicuutur
1248 2379 1442 2413 antimensia
1478 2381 1553 2415 147.
1585 2389 1718 2412 mensae

1285 2253 1352 2276 non
1385 2242 1559 2277 instruitur
1598 2243 1662 2276 ser.
1697 2242 1718 2277 5

1063 2436 1090 2457 s.
1107 2425 1203 2457 altari
1220 2436 1346 2468 pannus
1364 2425 1578 2467 substruitur,
1592 2435 1634 2458 ex
1650 2434 1715 2468 quo

1063 2480 1172 2513 panno
1189 2475 1424 2503 consecrantur
1434 2469 1627 2503 antimensia
1640 2468 1715 2503 146.

1062 2515 1182 2548 mensis
1202 2515 1306 2548 sacris
1332 2515 1528 2548 adhibentur
1550 2514 1715 2548 antimen-

1063 2560 1131 2600 sia,
1150 2560 1279 2604 quando
1295 2560 1428 2594 dubium
1446 2566 1516 2600 est,
1532 2571 1606 2594 num
1621 2570 1714 2593 meu-

1058 2616 1118 2638 sae
1140 2606 1207 2638 sint
1229 2610 1444 2639 consecratae
1466 2606 1546 2639 ibid.

1013 2650 1133 2683 mensis
1160 2650 1316 2695 cuiusque
1346 2651 1440 2684 initio
1474 2662 1580 2696 aquae
1611 2650 1714 2683 bene-

1057 2695 1157 2776 gic5tio
1188 2701 1326 2742 peracta
1356 2696 1391 2730 in
1420 2696 1542 2742 palatio
1566 2696 1629 2736 78,
1655 2695 1712 2731 14.

1011 2790 1141 2819 metaxa
1164 2785 1268 2820 vestis
1299 2786 1407 2820 serica
1434 2786 1512 2821 362.
1540 2796 1581 2819 ea
1602 2785 1710 2820 vesti-

1053 2835 1109 2864 tur
1138 2831 1215 2876 imp.
1251 2842 1355 2877 equus
1388 2831 1421 2865 in
1450 2842 1572 2865 morem
1606 2830 1709 2866 tibis-
