1832 3178
545 221 621 264 DE
657 221 893 266 OFFIGIIS
925 222 1005 267 GP.
1036 221 1149 267 GAP.
1183 221 1217 267 1.
1576 223 1606 267 5

286 332 350 376 ‘H
366 333 478 391 τρίτη
504 331 660 386 πεντάς.
709 334 730 378 ὅ
761 332 1014 393 ἱερομνήμων
1043 338 1098 388 εἷς
1127 336 1174 380 τὸ
1203 335 1363 391 βλέπειν
1388 337 1463 387 τὰς
1489 335 1608 390 εὐχὰς

156 401 328 445 ὄπισθεν
354 407 425 446 τοῦ
451 403 665 459 ἀρχιερέως
671 435 686 455 ,
713 410 871 461 κρατῶν
895 405 966 447 τὸν
990 406 1283 463 ἕνθρονιασμὸν
1305 406 1372 448 καὶ
1395 405 1441 448 τὸ
1462 403 1605 448 κοντά-
1628 408 1658 443 Β

158 488 245 513 κιον
271 475 346 525 τῆς
370 473 630 527 χειροτονίας.
764 470 785 514 ὃ
814 474 876 515 ε’πὶ
898 477 978 516 τῶν
999 472 1196 530 γονάτων,
1231 478 1391 532 κρατῶν
1408 473 1454 516 τὸ
1473 475 1608 530 ε’πιγο-

159 537 294 581 νάτιον
320 543 395 582 τοῦ
419 539 645 596 ἀρχιερέως.
778 538 800 581 ὃ
832 541 895 582 ἐπὶ
925 547 1005 585 τῶν
1034 542 1205 596 δεήσεων
1226 543 1439 600 ἀπέρχεται
1462 544 1517 592 εἷς
1538 541 1608 584 τὸν

124 615 146 650 5
155 606 327 659 βασιλέα
350 605 450 664 ὑπὲρ
479 612 559 650 τῶν
585 608 871 662 ἀδικουμένων.
1008 608 1030 652 ὃ
1057 612 1120 652 ἐπὶ
1145 615 1226 654 τῶν
1257 611 1452 668 σεκρέτων
1479 612 1536 660 εἷς
1561 609 1608 653 τὸ

154 673 296 718 παύειν
314 674 383 718 τὸν
402 676 500 718 λαὸν
521 677 582 718 ε’πὶ
602 676 648 719 τὸ
671 678 829 734 κρίνειν.
963 676 984 721 ὃ
1015 680 1079 720 ἐπὶ
1102 683 1175 734 τῆς
1196 679 1307 738 ἱερᾶς
1327 676 1610 728 καταστάσεως

155 745 212 793 εἷς
233 742 278 786 τὸ
301 749 427 786 ποιεῖν
445 744 628 794 εὐταξίαν
645 745 756 795 ἐντὸς
774 748 848 789 τοῦ
866 743 1064 800 βήματος.

282 808 346 853 ‘H
374 810 543 868 τετάρτη
578 811 735 863 πεντάς.
792 811 814 856 ὅ
859 812 1174 869 ὑπομιμνήσκων
1211 817 1268 865 εἷς
1303 815 1349 858 τὸ
1384 815 1608 869 ε’νθυμίζειν
1629 818 1661 854 C

154 879 224 922 τὸν
250 878 435 936 ἀρχιερέα
460 885 678 935 μυστικῶς.
809 880 832 924 ὅ
855 882 1099 933 διδάσκαλος
1117 887 1191 925 τοῦ
1205 884 1453 939 εὐαγγελίου,
1483 881 1611 939 ἑρμη-

102 959 145 993 10
158 945 280 990 νεύων
299 946 412 990 αὐτό.
546 946 568 991 ὅ
592 946 835 1000 διδάσκαλος
851 955 924 993 τοῦ
942 950 1191 1003 ἀποστόλου,
1227 950 1454 1007 ἑρμηνεύων
1476 949 1611 993 αὐτόν.

155 1013 176 1057 ὅ
200 1013 445 1066 διδάσκαλος
463 1021 535 1058 τοῦ
555 1018 786 1073 ψαλτηρίου
805 1020 861 1069 εἷς
877 1019 923 1061 τὸ
941 1018 1168 1077 ἑρμηνεύειν
1183 1019 1297 1062 αὐτό.
1432 1018 1454 1062 ὃ
1476 1017 1610 1076 ῥήτωρ

155 1085 212 1134 εἷς
230 1083 277 1126 τὸ
299 1082 526 1139 ἑρμηνεύειν
543 1085 617 1135 τὰς
634 1083 811 1143 γραφάς.

281 1149 345 1194 ‘H
368 1153 526 1208 πέμπτη
558 1152 714 1204 πεντάς.
764 1152 785 1195 ὅ
805 1153 942 1211 ἅρχων
960 1158 1040 1197 τῶν
1056 1154 1356 1209 μοναστηρίων,
1389 1152 1490 1209 ἔχων
1506 1154 1610 1208 μετὰ

153 1223 226 1262 τοῦ
241 1218 415 1276 μεγάλου
435 1223 699 1277 σακελλαριόυ
715 1222 787 1277 τὴν
805 1227 884 1265 τῶν
901 1224 1181 1280 μοναστηρίων
1197 1221 1350 1277 ε’νοχῆν.
1487 1220 1508 1264 ὃ
1529 1221 1605 1279 ἄρ·-
1627 1233 1660 1268 D

101 1299 142 1334 15
149 1305 236 1342 χων
253 1293 333 1331 τῶν
351 1290 580 1343 ἐκκλησιῶν,
611 1288 712 1343 ἔχων
728 1290 801 1344 τὴν
820 1291 961 1346 ε’νοχὴν
983 1296 1062 1334 τῶν
1083 1293 1301 1346 ἐκκλησιῶν
1318 1290 1422 1346 μετὰ
1439 1295 1514 1333 τοῦ
1533 1307 1610 1333 σα-

151 1357 322 1400 κελλίου.
456 1355 477 1399 ὅ
501 1358 636 1415 ἅρχων
657 1363 730 1401 τοῦ
750 1359 976 1415 εὐαγγελίου
998 1363 1052 1410 εἷς
1071 1360 1115 1402 τὸ
1141 1366 1300 1416 κρατεῖν
1321 1363 1439 1402 τοῦτο
1465 1360 1520 1409 εἷς
1537 1359 1611 1408 τὰς

153 1422 276 1475 λιτάς.
413 1424 435 1467 ὅ
462 1425 599 1482 ἄρχων
623 1431 703 1470 τῶν
728 1426 899 1484 φώτων,
935 1427 1036 1483 ἔχων
1063 1428 1137 1482 τὴν
1169 1427 1308 1482 ἔνοχὴν
1339 1432 1420 1470 τῶν
1451 1444 1611 1484 νεοφωῳ

151 1494 307 1535 τίστων.
441 1492 463 1535 ὅ
493 1494 628 1550 ἄρχων
655 1500 734 1537 τῶν
762 1496 1040 1551 ἀντιμινσίων,
1076 1495 1246 1551 εἰσάγων
1265 1494 1360 1544 τοὺς
1381 1494 1609 1552 εἰσερχομέ-

152 1577 245 1611 νους
266 1564 320 1610 εἷς
341 1560 414 1614 τὴν
432 1559 548 1616 ἁγίαν
567 1562 809 1616 μετάληψιν.

97 1639 143 1672 20
281 1626 344 1668 ‘H
365 1628 456 1682 ἕκτη
483 1628 639 1678 πεντάς.
687 1628 709 1671 ὅ
748 1634 905 1687 πρῶτος
943 1628 1166 1686 ὄστιάριος,
1214 1633 1373 1684 κρατῶν
1414 1628 1490 1679 τὰς
1524 1626 1608 1672 315-

153 1712 227 1752 ρας
264 1698 320 1745 εἷς
355 1695 429 1745 τὰς
453 1697 710 1753 χειροτονίας.
845 1696 866 1739 ὅ
900 1695 1082 1754 δεύτερος
1109 1695 1334 1754 ὀστιάριος,
1372 1700 1532 1754 κρατῶν
1560 1697 1606 1740 τὸ
1630 1707 1659 1742 P
1681 1707 1704 1744 4

237 1813 263 1848 3
283 1812 425 1856 κρεμῶν
446 1814 476 1847 Ρ
501 1813 550 1857 (ἰ.
576 1825 607 1849 e.
631 1814 739 1850 editio
763 1814 1013 1862 Parisiensis)‚
1037 1815 1184 1860 κρατῶν
1204 1827 1323 1860 margo

238 1913 384 1949 Tertius
402 1913 592 1959 quinarius.
631 1914 918 1951 hieromnemonis
940 1927 1060 1951 munus
1082 1921 1137 1951 est
1158 1929 1248 1962 pone
1268 1916 1500 1962 patriarcham
1522 1927 1604 1962 pre-

147 1971 206 1995 ces
235 1959 428 2004 inspicere3
463 1961 636 2006 habetque
667 1973 731 1996 sua
761 1963 798 1996 in
828 1967 1004 2007 potestate
1036 1962 1328 1997 enthroniasmum
1353 1968 1390 1997 et
1413 1963 1606 1997 contacium

147 2016 210 2040 seu
232 2004 357 2040 librum
380 2005 622 2041 ordinationis.
758 2008 819 2053 qui
841 2020 862 2042 a
884 2008 1031 2052 genibus
1056 2015 1111 2043 est
1125 2034 1134 2050 ‚
1156 2020 1219 2042 sua
1241 2007 1278 2042 in
1300 2013 1476 2053 potestate
1497 2008 1606 2042 habet

146 2051 399 2095 supergenuale
420 2052 651 2096 patriarchae.
792 2055 990 2098 praefectus
1014 2054 1206 2099 supplicum
1230 2055 1415 2100 precibus,
1447 2066 1514 2100 pro
1535 2054 1605 2088 illis

146 2097 208 2142 qui
239 2095 365 2130 iniuria
395 2098 611 2142 afficiuntur,
648 2098 693 2133 ad
721 2098 964 2144 imperatorem
996 2099 1143 2134 accedit.
1282 2099 1355 2133 eius
1382 2099 1441 2144 qui
1466 2106 1603 2134 secreto

148 2147 289 2187 praeest
311 2153 431 2176 munus
456 2149 510 2177 est
533 2148 590 2188 ut,
622 2145 702 2178 dum
722 2144 853 2178 iudicia
875 2144 1066 2189 habentur,
1102 2145 1266 2190 populum
1288 2144 1326 2178 in
1349 2145 1467 2179 officio
1490 2144 1607 2179 conti-

148 2193 240 2222 neat.
378 2189 575 2233 praefectus
598 2201 719 2224 sacrae
741 2190 902 2225 stationis
929 2191 1007 2235 (qui
1030 2190 1248 2226 moderandis
1272 2190 1424 2225 moribus
1444 2192 1604 2235 praeest)

147 2237 246 2267 curat
268 2237 307 2266 ut
327 2232 420 2268 intra
439 2245 574 2270 sacrum
596 2236 766 2281 tribunal,
801 2247 863 2271 seu
885 2236 979 2271 intra
1002 2235 1131 2282 altare,
1167 2236 1306 2271 debitus
1332 2242 1368 2270 et
1390 2236 1603 2270 conveniens

148 2279 232 2312 ordo
255 2279 473 2314 observetur.

238 2323 393 2363 Quartus
416 2324 606 2370 quinarius.
644 2326 794 2361 monitor
815 2338 878 2362 seu
899 2330 1084 2371 suggestor
1107 2326 1150 2361 ad
1174 2326 1240 2361 hoc
1262 2326 1468 2361 constitutus
1491 2329 1546 2359 est
1562 2329 1602 2360 ut

147 2367 365 2412 patriarchae
392 2370 499 2405 tacite
520 2378 683 2416 suggerat
707 2380 744 2408 et
765 2373 802 2407 in
824 2373 1021 2408 memoriam
1045 2378 1201 2406 revocet.
1338 2373 1461 2406 doctor
1493 2382 1603 2405 evan-

147 2413 251 2459 gelii,
283 2414 343 2459 qui
372 2414 621 2461 interpretatur
649 2418 745 2452 illud.
882 2419 1004 2452 doctor
1026 2417 1193 2462 apostoli,
1228 2416 1287 2462 qui
1312 2417 1402 2451 iilius
1425 2416 1602 2461 interpres

148 2465 216 2494 est.
352 2460 474 2494 doctor
496 2463 654 2507 psalterii
675 2463 843 2511 psalterio
865 2463 1077 2510 explanando
1106 2464 1312 2498 destinatus.
1450 2456 1603 2496 rhetoris

149 2516 270 2539 munus
295 2510 351 2539 est
372 2506 562 2551 scripturas
583 2508 821 2555 interpretari.

240 2551 391 2591 Quintus
422 2552 613 2596 quinarius.
652 2555 851 2599 praefectus
883 2554 1101 2589 monasteriis
1126 2552 1218 2597 gerit
1240 2563 1314 2586 cum
1340 2562 1463 2597 magno
1487 2552 1600 2586 sacel-

147 2595 233 2630 lario
258 2597 540 2633 monasteriorum
561 2610 689 2635 curam.
823 2601 1022 2645 praefectus
1050 2598 1207 2633 ecclesiis
1240 2597 1461 2632 ecclesiarum
1483 2609 1599 2633 curam

148 2641 241 2685 gerit
262 2653 337 2676 cum
358 2647 518 2678 curatore
541 2645 673 2683 sacelli.
808 2647 1008 2691 praefectus
1032 2643 1211 2688 evangelio
1233 2648 1329 2677 tenet
1348 2643 1431 2678 iilud
1452 2645 1496 2678 ad
1517 2656 1601 2690 pro-

148 2686 324 2722 cessiones
347 2699 389 2722 ac
410 2688 562 2723 litanias.
698 2692 896 2737 praefectus
923 2690 1109 2725 luminibus
1133 2700 1249 2722 curam
1271 2688 1378 2724 habet
1399 2701 1516 2723 eorum
1540 2688 1599 2735 qui

148 2742 259 2777 nuper
291 2732 490 2778 illuminati,
526 2735 591 2768 hoc
625 2739 679 2769 est
708 2737 898 2781 baptizati,
933 2741 1027 2770 sunt.
1165 2734 1363 2779 praefectus
1388 2735 1602 2770 antimensiis

148 2788 210 2811 eos
232 2777 292 2821 qui
313 2784 464 2813 sanctam
488 2781 756 2816 communionem
777 2783 959 2827 percipere
980 2780 1100 2814 volunt
1119 2778 1321 2814 introducit.
1346 2808 1348 2810 .

238 2823 366 2858 Sextus
396 2825 589 2870 quinarius.
629 2827 759 2871 primus
790 2827 953 2862 ostiarius
976 2827 1070 2860 fores
1093 2824 1267 2868 custodit,
1300 2826 1379 2860 dum
1410 2825 1601 2860 ordinatio-

149 2879 211 2902 nes
233 2875 458 2914 peraguntur.
593 2874 764 2908 secundus
786 2873 951 2908 ostiarius
970 2876 1068 2915 tenet
1083 2870 1344 2916 monampulum.
1482 2879 1602 2916 proto-
