<?xml version="1.0" encoding="UTF-8"?>
<!DOCTYPE html PUBLIC "-//W3C//DTD XHTML 1.0 Transitional//EN"
    "http://www.w3.org/TR/xhtml1/DTD/xhtml1-transitional.dtd">
<html xmlns="http://www.w3.org/1999/xhtml" xml:lang="en" lang="en">
 <head>
  <title>
</title>
<meta http-equiv="Content-Type" content="text/html;charset=utf-8" />
  <meta name='ocr-system' content='tesseract 3.04.00' />
  <meta name='ocr-capabilities' content='ocr_page ocr_carea ocr_par ocr_line ocrx_word'/>
</head>
<body>
  <div class='ocr_page' id='page_1' title='image "./corpusscriptorum16niebuoft_0226.png"; bbox 0 0 1820 3178; ppageno 0'>
   <div class='ocr_carea' id='block_1_1' title="bbox 314 187 1544 234">
    <p class='ocr_par' dir='ltr' id='par_1_1' title="bbox 314 187 1544 234">
     <span class='ocr_line' id='line_1_1' title="bbox 314 187 1544 234; baseline 0.001 -2"><span class='ocrx_word' id='word_1_1' title='bbox 314 187 411 234; x_wconf 73' lang='lat'>210</span> <span class='ocrx_word' id='word_1_2' title='bbox 515 187 790 232; x_wconf 83' lang='lat' dir='ltr'>GRETSERI</span> <span class='ocrx_word' id='word_1_3' title='bbox 813 189 885 231; x_wconf 83' lang='grc' dir='ltr'>ΕΤ</span> <span class='ocrx_word' id='word_1_4' title='bbox 911 188 1084 232; x_wconf 89' lang='lat' dir='ltr'>GOARI</span> <span class='ocrx_word' id='word_1_5' title='bbox 1105 188 1544 233; x_wconf 80' lang='lat' dir='ltr'><strong>COMMENTARIUS</strong></span> 
     </span>
    </p>
   </div>
   <div class='ocr_carea' id='block_1_2' title="bbox 286 292 1755 1114">
    <p class='ocr_par' dir='ltr' id='par_1_2' title="bbox 286 292 1755 1114">
     <span class='ocr_line' id='line_1_2' title="bbox 308 292 1755 353; baseline 0.001 -24"><span class='ocrx_word' id='word_1_6' title='bbox 308 292 594 342; x_wconf 70' lang='grc' dir='ltr'><strong><em>χρυσόβουλλοντ</em></strong></span> <span class='ocrx_word' id='word_1_7' title='bbox 627 296 676 330; x_wconf 81' lang='lat' dir='ltr'>ita</span> <span class='ocrx_word' id='word_1_8' title='bbox 699 305 840 340; x_wconf 87' lang='lat' dir='ltr'>namque</span> <span class='ocrx_word' id='word_1_9' title='bbox 863 295 996 340; x_wconf 78' lang='lat' dir='ltr'>reponit</span> <span class='ocrx_word' id='word_1_10' title='bbox 1027 295 1093 329; x_wconf 71' lang='lat' dir='ltr'>alia</span> <span class='ocrx_word' id='word_1_11' title='bbox 1126 296 1227 330; x_wconf 71' lang='lat' dir='ltr'>let-tio</span> <span class='ocrx_word' id='word_1_12' title='bbox 1259 295 1453 341; x_wconf 77' lang='lat' dir='ltr'>vulgatior,</span> <span class='ocrx_word' id='word_1_13' title='bbox 1484 293 1755 353; x_wconf 55' lang='lat' dir='ltr'>gomorissovnov</span> 
     </span>
     <span class='ocr_line' id='line_1_3' title="bbox 309 338 1754 386; baseline 0.001 -11"><span class='ocrx_word' id='word_1_14' title='bbox 309 339 397 382; x_wconf 79' lang='grc' dir='ltr'>ὃούς</span> <span class='ocrx_word' id='word_1_15' title='bbox 419 338 510 386; x_wconf 75' lang='grc' dir='ltr'><strong><em>μετὰ</em></strong></span> <span class='ocrx_word' id='word_1_16' title='bbox 535 342 651 376; x_wconf 76' lang='grc' dir='ltr'><strong><em>λίθων</em></strong></span> <span class='ocrx_word' id='word_1_17' title='bbox 676 341 862 385; x_wconf 82' lang='grc' dir='ltr'><em>λαμπρῶν.</em></span> <span class='ocrx_word' id='word_1_18' title='bbox 908 340 985 374; x_wconf 88' lang='lat' dir='ltr'>hinc</span> <span class='ocrx_word' id='word_1_19' title='bbox 1007 341 1036 374; x_wconf 84' lang='lat' dir='ltr'>si</span> <span class='ocrx_word' id='word_1_20' title='bbox 1059 341 1126 375; x_wconf 85' lang='grc' dir='ltr'><strong><em>τοῦ</em></strong></span> <span class='ocrx_word' id='word_1_21' title='bbox 1150 339 1209 376; x_wconf 81' lang='grc' dir='ltr'>ἐπὶ</span> <span class='ocrx_word' id='word_1_22' title='bbox 1242 342 1450 376; x_wconf 78' lang='grc' dir='ltr'><strong><em>κανικλείου</em></strong></span> <span class='ocrx_word' id='word_1_23' title='bbox 1481 342 1682 386; x_wconf 81' lang='grc' dir='ltr'><strong><em>οφφίκιον,</em></strong></span> <span class='ocrx_word' id='word_1_24' title='bbox 1715 348 1754 376; x_wconf 81' lang='lat' dir='ltr'>ut</span> 
     </span>
     <span class='ocr_line' id='line_1_4' title="bbox 308 386 1753 430; baseline 0.001 -9"><span class='ocrx_word' id='word_1_25' title='bbox 308 388 413 421; x_wconf 80' lang='lat' dir='ltr'>habet</span> <span class='ocrx_word' id='word_1_26' title='bbox 434 387 575 421; x_wconf 72' lang='lat' dir='ltr'>Nicetes</span> <span class='ocrx_word' id='word_1_27' title='bbox 598 388 631 420; x_wconf 85' lang='lat' dir='ltr'>in</span> <span class='ocrx_word' id='word_1_28' title='bbox 654 387 774 421; x_wconf 88' lang='lat' dir='ltr'>Alexio</span> <span class='ocrx_word' id='word_1_29' title='bbox 797 387 819 421; x_wconf 83' lang='lat'><strong>3</strong></span> <span class='ocrx_word' id='word_1_30' title='bbox 841 387 886 430; x_wconf 84' lang='lat'>3,</span> <span class='ocrx_word' id='word_1_31' title='bbox 909 386 1081 420; x_wconf 87' lang='lat' dir='ltr'>camerarii</span> <span class='ocrx_word' id='word_1_32' title='bbox 1106 398 1179 421; x_wconf 90' lang='lat' dir='ltr'>cum</span> <span class='ocrx_word' id='word_1_33' title='bbox 1203 388 1380 422; x_wconf 87' lang='lat' dir='ltr'>Gunthero</span> <span class='ocrx_word' id='word_1_34' title='bbox 1395 387 1451 421; x_wconf 89' lang='lat' dir='ltr'>vel</span> <span class='ocrx_word' id='word_1_35' title='bbox 1468 387 1660 422; x_wconf 81' lang='lat' dir='ltr'>cancellarii</span> <span class='ocrx_word' id='word_1_36' title='bbox 1679 397 1753 422; x_wconf 89' lang='lat' dir='ltr'>cum</span> 
     </span>
     <span class='ocr_line' id='line_1_5' title="bbox 309 432 1752 478; baseline 0.001 -12"><span class='ocrx_word' id='word_1_37' title='bbox 309 433 483 466; x_wconf 82' lang='lat' dir='ltr'>Radevico</span> <span class='ocrx_word' id='word_1_38' title='bbox 505 433 675 478; x_wconf 85' lang='lat' dir='ltr'>proprium</span> <span class='ocrx_word' id='word_1_39' title='bbox 699 432 821 466; x_wconf 74' lang='lat' dir='ltr'>debeat</span> <span class='ocrx_word' id='word_1_40' title='bbox 846 442 1012 473; x_wconf 79' lang='lat' dir='ltr'>asserere,</span> <span class='ocrx_word' id='word_1_41' title='bbox 1036 442 1162 477; x_wconf 83' lang='lat' dir='ltr'>aequus</span> <span class='ocrx_word' id='word_1_42' title='bbox 1184 432 1291 466; x_wconf 86' lang='lat' dir='ltr'>lector</span> <span class='ocrx_word' id='word_1_43' title='bbox 1309 433 1519 467; x_wconf 83' lang='lat' dir='ltr'>iudicaverit.</span> <span class='ocrx_word' id='word_1_44' title='bbox 1565 433 1643 466; x_wconf 87' lang='lat' dir='ltr'>illud</span> <span class='ocrx_word' id='word_1_45' title='bbox 1661 432 1752 468; x_wconf 77' lang='lat' dir='ltr'>circa</span> 
     </span>
     <span class='ocr_line' id='line_1_6' title="bbox 286 477 1753 523; baseline 0 -11"><span class='ocrx_word' id='word_1_46' title='bbox 286 478 433 522; x_wconf 6' lang='lat' dir='ltr'>,Leonis</span> <span class='ocrx_word' id='word_1_47' title='bbox 466 478 615 512; x_wconf 83' lang='lat' dir='ltr'>Armenii</span> <span class='ocrx_word' id='word_1_48' title='bbox 650 483 803 522; x_wconf 85' lang='lat' dir='ltr'>tempora</span> <span class='ocrx_word' id='word_1_49' title='bbox 832 477 937 521; x_wconf 89' lang='lat' dir='ltr'>primo</span> <span class='ocrx_word' id='word_1_50' title='bbox 966 477 1134 512; x_wconf 87' lang='lat' dir='ltr'>inventum</span> <span class='ocrx_word' id='word_1_51' title='bbox 1166 478 1222 512; x_wconf 86' lang='lat' dir='ltr'>vel</span> <span class='ocrx_word' id='word_1_52' title='bbox 1254 479 1400 512; x_wconf 86' lang='lat' dir='ltr'>auditum</span> <span class='ocrx_word' id='word_1_53' title='bbox 1423 490 1467 512; x_wconf 85' lang='lat' dir='ltr'>ex</span> <span class='ocrx_word' id='word_1_54' title='bbox 1489 478 1696 523; x_wconf 84' lang='lat' dir='ltr'>Theophane</span> <span class='ocrx_word' id='word_1_55' title='bbox 1717 483 1753 512; x_wconf 89' lang='lat' dir='ltr'>et</span> 
     </span>
     <span class='ocr_line' id='line_1_7' title="bbox 308 522 1753 568; baseline 0.001 -11"><span class='ocrx_word' id='word_1_56' title='bbox 308 524 464 557; x_wconf 86' lang='lat' dir='ltr'>Cedreno</span> <span class='ocrx_word' id='word_1_57' title='bbox 493 523 526 556; x_wconf 89' lang='lat' dir='ltr'>in</span> <span class='ocrx_word' id='word_1_58' title='bbox 557 523 630 557; x_wconf 89' lang='lat' dir='ltr'>eius</span> <span class='ocrx_word' id='word_1_59' title='bbox 661 523 734 557; x_wconf 81' lang='lat' dir='ltr'>vita</span> <span class='ocrx_word' id='word_1_60' title='bbox 767 522 920 557; x_wconf 86' lang='lat' dir='ltr'>coniicio.</span> <span class='ocrx_word' id='word_1_61' title='bbox 976 534 1092 557; x_wconf 90' lang='lat' dir='ltr'>munus</span> <span class='ocrx_word' id='word_1_62' title='bbox 1123 523 1222 557; x_wconf 85' lang='lat' dir='ltr'>etiam</span> <span class='ocrx_word' id='word_1_63' title='bbox 1251 524 1397 557; x_wconf 87' lang='lat' dir='ltr'>eiusdem</span> <span class='ocrx_word' id='word_1_64' title='bbox 1424 523 1491 557; x_wconf 79' lang='lat' dir='ltr'>suit</span> <span class='ocrx_word' id='word_1_65' title='bbox 1517 523 1753 568; x_wconf 78' lang='lat' dir='ltr'>imperatorum</span> 
     </span>
     <span class='ocr_line' id='line_1_8' title="bbox 305 567 1751 614; baseline -0.001 -11"><span class='ocrx_word' id='word_1_66' title='bbox 305 567 607 613; x_wconf 84' lang='lat' dir='ltr'>subscriptionibus</span> <span class='ocrx_word' id='word_1_67' title='bbox 628 568 796 603; x_wconf 81' lang='lat' dir='ltr'>attestari.</span> <span class='ocrx_word' id='word_1_68' title='bbox 842 568 891 601; x_wconf 93' lang='lat' dir='ltr'>sic</span> <span class='ocrx_word' id='word_1_69' title='bbox 923 579 993 601; x_wconf 90' lang='lat' dir='ltr'>cum</span> <span class='ocrx_word' id='word_1_70' title='bbox 1018 567 1296 614; x_wconf 78' lang='lat' dir='ltr'>subscripsissent</span> <span class='ocrx_word' id='word_1_71' title='bbox 1318 574 1462 603; x_wconf 79' lang='lat' dir='ltr'>octavae</span> <span class='ocrx_word' id='word_1_72' title='bbox 1484 568 1604 612; x_wconf 78' lang='lat' dir='ltr'>synodi</span> <span class='ocrx_word' id='word_1_73' title='bbox 1627 568 1751 602; x_wconf 81' lang='lat' dir='ltr'>actioni</span> 
     </span>
     <span class='ocr_line' id='line_1_9' title="bbox 306 612 1752 659; baseline 0 -12"><span class='ocrx_word' id='word_1_74' title='bbox 306 614 457 648; x_wconf 80' lang='lat' dir='ltr'>decimae</span> <span class='ocrx_word' id='word_1_75' title='bbox 474 613 697 659; x_wconf 86' lang='lat' dir='ltr'>imperatores</span> <span class='ocrx_word' id='word_1_76' title='bbox 719 612 864 648; x_wconf 82' lang='lat' dir='ltr'>Basilius</span> <span class='ocrx_word' id='word_1_77' title='bbox 886 613 1125 648; x_wconf 76' lang='lat' dir='ltr'>Constantinus</span> <span class='ocrx_word' id='word_1_78' title='bbox 1152 618 1186 647; x_wconf 92' lang='lat' dir='ltr'>et</span> <span class='ocrx_word' id='word_1_79' title='bbox 1207 614 1297 654; x_wconf 85' lang='lat' dir='ltr'>Leo,</span> <span class='ocrx_word' id='word_1_80' title='bbox 1331 614 1479 649; x_wconf 81' lang='lat' dir='ltr'>exaratis</span> <span class='ocrx_word' id='word_1_81' title='bbox 1501 613 1650 648; x_wconf 87' lang='lat' dir='ltr'>nimirum</span> <span class='ocrx_word' id='word_1_82' title='bbox 1673 618 1752 648; x_wconf 83' lang='lat' dir='ltr'>ante</span> 
     </span>
     <span class='ocr_line' id='line_1_10' title="bbox 307 656 1751 704; baseline 0 -11"><span class='ocrx_word' id='word_1_83' title='bbox 307 660 435 704; x_wconf 82' lang='lat' dir='ltr'>scripta</span> <span class='ocrx_word' id='word_1_84' title='bbox 456 659 588 694; x_wconf 84' lang='lat' dir='ltr'>nomina</span> <span class='ocrx_word' id='word_1_85' title='bbox 611 659 787 700; x_wconf 87' lang='lat' dir='ltr'>crucibus,</span> <span class='ocrx_word' id='word_1_86' title='bbox 817 656 860 692; x_wconf 81' lang='grc' dir='ltr'>τὰ</span> <span class='ocrx_word' id='word_1_87' title='bbox 886 659 952 703; x_wconf 84' lang='grc' dir='ltr'>τῆς</span> <span class='ocrx_word' id='word_1_88' title='bbox 973 660 1116 703; x_wconf 85' lang='grc' dir='ltr'><strong><em>γραφῆς</em></strong></span> <span class='ocrx_word' id='word_1_89' title='bbox 1145 656 1347 693; x_wconf 75' lang='grc' dir='ltr'><strong><em>ὑπόλοιπον</em></strong></span> <span class='ocrx_word' id='word_1_90' title='bbox 1370 656 1528 704; x_wconf 81' lang='grc' dir='ltr'><strong><em>γέγραφε</em></strong></span> <span class='ocrx_word' id='word_1_91' title='bbox 1548 656 1751 703; x_wconf 84' lang='grc' dir='ltr'><strong><em>Χριστοφό-</em></strong></span> 
     </span>
     <span class='ocr_line' id='line_1_11' title="bbox 306 699 1749 749; baseline -0.001 -11"><span class='ocrx_word' id='word_1_92' title='bbox 306 716 372 748; x_wconf 88' lang='grc' dir='ltr'><strong><em>ρος</em></strong></span> <span class='ocrx_word' id='word_1_93' title='bbox 392 703 703 749; x_wconf 82' lang='grc' dir='ltr'><strong><em>πρωτασηκρήτης</em></strong></span> <span class='ocrx_word' id='word_1_94' title='bbox 725 703 789 739; x_wconf 76' lang='grc' dir='ltr'>καὶ</span> <span class='ocrx_word' id='word_1_95' title='bbox 811 699 871 738; x_wconf 80' lang='grc' dir='ltr'>ἐπὶ</span> <span class='ocrx_word' id='word_1_96' title='bbox 894 705 961 739; x_wconf 84' lang='grc' dir='ltr'><strong><em>τοῦ</em></strong></span> <span class='ocrx_word' id='word_1_97' title='bbox 982 704 1200 739; x_wconf 79' lang='grc' dir='ltr'><strong><em>κανικλείου.</em></strong></span> <span class='ocrx_word' id='word_1_98' title='bbox 1248 705 1311 738; x_wconf 90' lang='lat' dir='ltr'>hoc</span> <span class='ocrx_word' id='word_1_99' title='bbox 1341 709 1395 738; x_wconf 88' lang='lat' dir='ltr'>est</span> <span class='ocrx_word' id='word_1_100' title='bbox 1423 704 1600 749; x_wconf 72' lang='lat' dir='ltr'>animique</span> <span class='ocrx_word' id='word_1_101' title='bbox 1626 703 1749 739; x_wconf 87' lang='lat' dir='ltr'>nomini</span> 
     </span>
     <span class='ocr_line' id='line_1_12' title="bbox 305 745 1750 796; baseline 0.001 -13"><span class='ocrx_word' id='word_1_102' title='bbox 305 751 433 795; x_wconf 86' lang='lat' dir='ltr'>scripto</span> <span class='ocrx_word' id='word_1_103' title='bbox 456 750 530 795; x_wconf 89' lang='lat' dir='ltr'>ipse</span> <span class='ocrx_word' id='word_1_104' title='bbox 554 761 616 785; x_wconf 85' lang='lat' dir='ltr'>sua</span> <span class='ocrx_word' id='word_1_105' title='bbox 638 762 736 784; x_wconf 87' lang='lat' dir='ltr'>manu</span> <span class='ocrx_word' id='word_1_106' title='bbox 759 749 927 791; x_wconf 83' lang='lat' dir='ltr'>adiunxit,</span> <span class='ocrx_word' id='word_1_107' title='bbox 956 745 997 784; x_wconf 79' lang='grc' dir='ltr'><strong><em>ἐν</em></strong></span> <span class='ocrx_word' id='word_1_108' title='bbox 1018 751 1162 793; x_wconf 74' lang='grc' dir='ltr'><strong><em>Χριστῷ</em></strong></span> <span class='ocrx_word' id='word_1_109' title='bbox 1181 751 1262 796; x_wconf 79' lang='grc' dir='ltr'>θεῷ</span> <span class='ocrx_word' id='word_1_110' title='bbox 1286 746 1410 790; x_wconf 78' lang='grc' dir='ltr'><strong><em>πιστὸς</em></strong></span> <span class='ocrx_word' id='word_1_111' title='bbox 1434 747 1609 796; x_wconf 78' lang='grc' dir='ltr'><strong><em>βασιλεύς.</em></strong></span> <span class='ocrx_word' id='word_1_112' title='bbox 1654 749 1750 784; x_wconf 84' lang='lat' dir='ltr'>addit</span> 
     </span>
     <span class='ocr_line' id='line_1_13' title="bbox 305 792 1746 840; baseline 0 -11"><span class='ocrx_word' id='word_1_113' title='bbox 305 796 389 830; x_wconf 85' lang='lat' dir='ltr'>haec</span> <span class='ocrx_word' id='word_1_114' title='bbox 411 796 631 838; x_wconf 78' lang='lat' dir='ltr'>Bullengerus</span> <span class='ocrx_word' id='word_1_115' title='bbox 654 796 802 830; x_wconf 85' lang='lat' dir='ltr'>auctoris</span> <span class='ocrx_word' id='word_1_116' title='bbox 824 795 928 830; x_wconf 83' lang='lat' dir='ltr'>tacito</span> <span class='ocrx_word' id='word_1_117' title='bbox 951 795 1100 830; x_wconf 76' lang='lat' dir='ltr'>nominez&#39;</span> <span class='ocrx_word' id='word_1_118' title='bbox 1126 792 1309 839; x_wconf 78' lang='grc' dir='ltr'><strong><em>Μανουήλ</em></strong></span> <span class='ocrx_word' id='word_1_119' title='bbox 1332 792 1405 840; x_wconf 77' lang='grc' dir='ltr'><strong><em>εἶχε</em></strong></span> <span class='ocrx_word' id='word_1_120' title='bbox 1429 792 1472 830; x_wconf 78' lang='grc' dir='ltr'>τό</span> <span class='ocrx_word' id='word_1_121' title='bbox 1500 792 1657 840; x_wconf 77' lang='grc' dir='ltr'><strong><em>σύνηθες</em></strong></span> <span class='ocrx_word' id='word_1_122' title='bbox 1680 806 1746 829; x_wconf 79' lang='grc' dir='ltr'>κα-</span> 
     </span>
     <span class='ocr_line' id='line_1_14' title="bbox 302 836 1750 897; baseline -0.001 -23"><span class='ocrx_word' id='word_1_123' title='bbox 302 841 465 885; x_wconf 80' lang='grc' dir='ltr'><strong><em>νίκλωμα</em></strong></span> <span class='ocrx_word' id='word_1_124' title='bbox 489 840 641 875; x_wconf 77' lang='grc' dir='ltr'><strong><em>καὶτοῦ</em></strong></span> <span class='ocrx_word' id='word_1_125' title='bbox 678 838 852 887; x_wconf 81' lang='grc' dir='ltr'><strong><em>βασιλέως</em></strong></span> <span class='ocrx_word' id='word_1_126' title='bbox 885 837 1109 897; x_wconf 59' lang='grc' dir='ltr'><strong><em>ὑπογραφὴν</em></strong></span> <span class='ocrx_word' id='word_1_127' title='bbox 1139 838 1297 885; x_wconf 79' lang='grc' dir='ltr'><strong><em>ταύτην,</em></strong></span> <span class='ocrx_word' id='word_1_128' title='bbox 1328 836 1512 885; x_wconf 81' lang='grc' dir='ltr'><strong><em>Μανουὴλ</em></strong></span> <span class='ocrx_word' id='word_1_129' title='bbox 1536 836 1578 875; x_wconf 75' lang='grc' dir='ltr'><strong><em>ἐν</em></strong></span> <span class='ocrx_word' id='word_1_130' title='bbox 1605 839 1750 886; x_wconf 73' lang='grc' dir='ltr'><strong><em>Χριστῷ</em></strong></span> 
     </span>
     <span class='ocr_line' id='line_1_15' title="bbox 304 882 1748 932; baseline -0.001 -12"><span class='ocrx_word' id='word_1_131' title='bbox 304 887 389 932; x_wconf 78' lang='grc' dir='ltr'>θεῷ</span> <span class='ocrx_word' id='word_1_132' title='bbox 411 883 537 926; x_wconf 79' lang='grc' dir='ltr'><strong><em>πιστὸς</em></strong></span> <span class='ocrx_word' id='word_1_133' title='bbox 563 884 749 932; x_wconf 77' lang='grc' dir='ltr'><strong><em>βασιλεύς,</em></strong></span> <span class='ocrx_word' id='word_1_134' title='bbox 775 885 839 920; x_wconf 84' lang='grc' dir='ltr'>καὶ</span> <span class='ocrx_word' id='word_1_135' title='bbox 864 883 1035 920; x_wconf 73' lang='grc' dir='ltr'><strong><em>κάτωθεν</em></strong></span> <span class='ocrx_word' id='word_1_136' title='bbox 1058 884 1329 931; x_wconf 82' lang='grc' dir='ltr'><strong><em>απῃωρημὲνην</em></strong></span> <span class='ocrx_word' id='word_1_137' title='bbox 1353 886 1510 932; x_wconf 74' lang='grc' dir='ltr'><strong><em>βοῦλλαν</em></strong></span> <span class='ocrx_word' id='word_1_138' title='bbox 1532 886 1668 929; x_wconf 82' lang='grc' dir='ltr'><strong><em>χρυσῆν</em></strong></span> <span class='ocrx_word' id='word_1_139' title='bbox 1683 882 1748 919; x_wconf 70' lang='grc' dir='ltr'>διὰ</span> 
     </span>
     <span class='ocr_line' id='line_1_16' title="bbox 303 927 1748 976; baseline -0.001 -10"><span class='ocrx_word' id='word_1_140' title='bbox 303 929 459 976; x_wconf 82' lang='grc' dir='ltr'><strong><em>μετάξης</em></strong></span> <span class='ocrx_word' id='word_1_141' title='bbox 481 929 617 974; x_wconf 82' lang='grc' dir='ltr'><em>ὀξείας,</em></span> <span class='ocrx_word' id='word_1_142' title='bbox 640 931 703 966; x_wconf 83' lang='grc' dir='ltr'>καὶ</span> <span class='ocrx_word' id='word_1_143' title='bbox 728 931 865 974; x_wconf 76' lang='grc' dir='ltr'><strong><em>ἔξωθεν</em></strong></span> <span class='ocrx_word' id='word_1_144' title='bbox 883 928 926 965; x_wconf 82' lang='grc' dir='ltr'>τὰ</span> <span class='ocrx_word' id='word_1_145' title='bbox 948 927 1011 965; x_wconf 70' lang='grc' dir='ltr'>διὰ</span> <span class='ocrx_word' id='word_1_146' title='bbox 1037 933 1103 965; x_wconf 84' lang='grc' dir='ltr'><strong><em>τοῦ</em></strong></span> <span class='ocrx_word' id='word_1_147' title='bbox 1127 927 1188 967; x_wconf 80' lang='grc' dir='ltr'>ἐπὶ</span> <span class='ocrx_word' id='word_1_148' title='bbox 1212 931 1418 966; x_wconf 78' lang='grc' dir='ltr'><strong><em>κανικλείου</em></strong></span> <span class='ocrx_word' id='word_1_149' title='bbox 1433 929 1495 966; x_wconf 81' lang='grc' dir='ltr'>καὶ</span> <span class='ocrx_word' id='word_1_150' title='bbox 1509 928 1748 966; x_wconf 80' lang='grc' dir='ltr'><strong><em>δικαιοδότου</em></strong></span> 
     </span>
     <span class='ocr_line' id='line_1_17' title="bbox 306 975 1748 1023; baseline -0.001 -12"><span class='ocrx_word' id='word_1_151' title='bbox 306 977 516 1020; x_wconf 80' lang='grc' dir='ltr'><strong><em>Θεοδώρου.</em></strong></span> <span class='ocrx_word' id='word_1_152' title='bbox 569 978 659 1023; x_wconf 87' lang='lat' dir='ltr'>quod</span> <span class='ocrx_word' id='word_1_153' title='bbox 691 977 725 1011; x_wconf 92' lang='lat' dir='ltr'>in</span> <span class='ocrx_word' id='word_1_154' title='bbox 749 976 1029 1011; x_wconf 83' lang='lat' dir='ltr'>christianissima</span> <span class='ocrx_word' id='word_1_155' title='bbox 1062 977 1155 1011; x_wconf 84' lang='lat' dir='ltr'>curia</span> <span class='ocrx_word' id='word_1_156' title='bbox 1195 983 1423 1022; x_wconf 88' lang='lat' dir='ltr'>exsequuntur</span> <span class='ocrx_word' id='word_1_157' title='bbox 1459 975 1655 1018; x_wconf 76' lang='lat' dir='ltr'>secretarii,</span> <span class='ocrx_word' id='word_1_158' title='bbox 1690 975 1748 1010; x_wconf 86' lang='lat' dir='ltr'>ubi</span> 
     </span>
     <span class='ocr_line' id='line_1_18' title="bbox 301 1022 1746 1069; baseline 0 -14"><span class='ocrx_word' id='word_1_159' title='bbox 301 1022 463 1069; x_wconf 84' lang='lat' dir='ltr'>principis</span> <span class='ocrx_word' id='word_1_160' title='bbox 485 1023 730 1069; x_wconf 85' lang='lat' dir='ltr'>subscriptione</span> <span class='ocrx_word' id='word_1_161' title='bbox 752 1022 892 1057; x_wconf 85' lang='lat' dir='ltr'>inferius</span> <span class='ocrx_word' id='word_1_162' title='bbox 909 1022 965 1056; x_wconf 89' lang='lat' dir='ltr'>vel</span> <span class='ocrx_word' id='word_1_163' title='bbox 988 1034 1009 1056; x_wconf 87' lang='lat' dir='ltr'>a</span> <span class='ocrx_word' id='word_1_164' title='bbox 1033 1026 1130 1067; x_wconf 83' lang='lat' dir='ltr'>tergo</span> <span class='ocrx_word' id='word_1_165' title='bbox 1154 1023 1324 1068; x_wconf 88' lang='lat' dir='ltr'>proprium</span> <span class='ocrx_word' id='word_1_166' title='bbox 1347 1033 1466 1057; x_wconf 87' lang='lat' dir='ltr'>nomen</span> <span class='ocrx_word' id='word_1_167' title='bbox 1488 1025 1670 1067; x_wconf 79' lang='lat' dir='ltr'>apponunt.</span> <span class='ocrx_word' id='word_1_168' title='bbox 1705 1033 1746 1055; x_wconf 83' lang='lat' dir='ltr'>ex</span> 
     </span>
     <span class='ocr_line' id='line_1_19' title="bbox 302 1066 1746 1114; baseline 0 -13"><span class='ocrx_word' id='word_1_169' title='bbox 302 1068 353 1101; x_wconf 85' lang='lat' dir='ltr'>his</span> <span class='ocrx_word' id='word_1_170' title='bbox 375 1068 417 1102; x_wconf 89' lang='lat' dir='ltr'>de</span> <span class='ocrx_word' id='word_1_171' title='bbox 438 1069 584 1102; x_wconf 76' lang='lat' dir='ltr'>canicleo</span> <span class='ocrx_word' id='word_1_172' title='bbox 606 1073 641 1102; x_wconf 89' lang='lat' dir='ltr'>et</span> <span class='ocrx_word' id='word_1_173' title='bbox 663 1068 819 1103; x_wconf 77' lang='lat' dir='ltr'>canicula</span> <span class='ocrx_word' id='word_1_174' title='bbox 841 1067 991 1102; x_wconf 86' lang='lat' dir='ltr'>collectis</span> <span class='ocrx_word' id='word_1_175' title='bbox 1013 1079 1033 1102; x_wconf 78' lang='lat' dir='ltr'><strong>a</strong></span> <span class='ocrx_word' id='word_1_176' title='bbox 1058 1069 1223 1103; x_wconf 85' lang='lat' dir='ltr'>Gretsero</span> <span class='ocrx_word' id='word_1_177' title='bbox 1253 1068 1397 1114; x_wconf 81' lang='lat' dir='ltr'>copiosis</span> <span class='ocrx_word' id='word_1_178' title='bbox 1428 1067 1626 1102; x_wconf 82' lang='lat' dir='ltr'>testimoniis</span> <span class='ocrx_word' id='word_1_179' title='bbox 1655 1066 1746 1102; x_wconf 87' lang='lat' dir='ltr'>desi-</span> 
     </span>
    </p>
   </div>
   <div class='ocr_carea' id='block_1_3' title="bbox 300 1113 1746 1304">
    <p class='ocr_par' dir='ltr' id='par_1_3' title="bbox 302 1113 677 1150">
     <span class='ocr_line' id='line_1_20' title="bbox 302 1113 677 1150; baseline 0 -2"><span class='ocrx_word' id='word_1_180' title='bbox 302 1113 423 1148; x_wconf 85' lang='lat' dir='ltr'>derata</span> <span class='ocrx_word' id='word_1_181' title='bbox 445 1115 501 1148; x_wconf 89' lang='lat' dir='ltr'>lux</span> <span class='ocrx_word' id='word_1_182' title='bbox 524 1114 677 1150; x_wconf 86' lang='lat' dir='ltr'>accessit.</span> 
     </span>
    </p>

    <p class='ocr_par' dir='ltr' id='par_1_4' title="bbox 300 1165 1746 1304">
     <span class='ocr_line' id='line_1_21' title="bbox 392 1165 1746 1215; baseline -0.003 -9"><span class='ocrx_word' id='word_1_183' title='bbox 392 1181 428 1215; x_wconf 85' lang='lat' dir='ltr'>p.</span> <span class='ocrx_word' id='word_1_184' title='bbox 444 1171 487 1204; x_wconf 76' lang='lat'>12</span> <span class='ocrx_word' id='word_1_185' title='bbox 502 1181 535 1204; x_wconf 88' lang='lat' dir='ltr'>v.</span> <span class='ocrx_word' id='word_1_186' title='bbox 554 1171 607 1205; x_wconf 91' lang='lat'>19.</span> <span class='ocrx_word' id='word_1_187' title='bbox 638 1165 904 1214; x_wconf 77' lang='grc' dir='ltr'><strong><em>συμπένθερος]</em></strong></span> <span class='ocrx_word' id='word_1_188' title='bbox 941 1169 998 1214; x_wconf 89' lang='lat' dir='ltr'>qui</span> <span class='ocrx_word' id='word_1_189' title='bbox 1020 1169 1122 1204; x_wconf 85' lang='lat' dir='ltr'>filium</span> <span class='ocrx_word' id='word_1_190' title='bbox 1146 1171 1202 1204; x_wconf 83' lang='lat' dir='ltr'>vel</span> <span class='ocrx_word' id='word_1_191' title='bbox 1224 1169 1323 1204; x_wconf 84' lang='lat' dir='ltr'>filiam</span> <span class='ocrx_word' id='word_1_192' title='bbox 1349 1169 1463 1204; x_wconf 82' lang='lat' dir='ltr'>alteris</span> <span class='ocrx_word' id='word_1_193' title='bbox 1484 1169 1553 1204; x_wconf 86' lang='lat' dir='ltr'>filio</span> <span class='ocrx_word' id='word_1_194' title='bbox 1575 1169 1633 1204; x_wconf 85' lang='lat' dir='ltr'>vel</span> <span class='ocrx_word' id='word_1_195' title='bbox 1654 1168 1746 1203; x_wconf 82' lang='lat' dir='ltr'>filiae</span> 
     </span>
     <span class='ocr_line' id='line_1_22' title="bbox 302 1213 1746 1259; baseline 0 -10"><span class='ocrx_word' id='word_1_196' title='bbox 302 1216 336 1249; x_wconf 90' lang='lat' dir='ltr'>in</span> <span class='ocrx_word' id='word_1_197' title='bbox 358 1215 600 1249; x_wconf 83' lang='lat' dir='ltr'>matrimonium</span> <span class='ocrx_word' id='word_1_198' title='bbox 635 1215 746 1257; x_wconf 87' lang='lat' dir='ltr'>locat,</span> <span class='ocrx_word' id='word_1_199' title='bbox 781 1214 821 1248; x_wconf 90' lang='lat' dir='ltr'>fit</span> <span class='ocrx_word' id='word_1_200' title='bbox 851 1215 883 1248; x_wconf 89' lang='lat' dir='ltr'>ei</span> <span class='ocrx_word' id='word_1_201' title='bbox 915 1213 1177 1259; x_wconf 75' lang='grc' dir='ltr'><strong><em>συμπένθερος.</em></strong></span> <span class='ocrx_word' id='word_1_202' title='bbox 1221 1215 1382 1250; x_wconf 79' lang='lat' dir='ltr'>innumeri</span> <span class='ocrx_word' id='word_1_203' title='bbox 1403 1227 1485 1250; x_wconf 88' lang='lat' dir='ltr'>vero</span> <span class='ocrx_word' id='word_1_204' title='bbox 1509 1227 1530 1249; x_wconf 84' lang='lat' dir='ltr'>a</span> <span class='ocrx_word' id='word_1_205' title='bbox 1556 1214 1746 1250; x_wconf 77' lang='lat' dir='ltr'>consoceris</span> 
     </span>
     <span class='ocr_line' id='line_1_23' title="bbox 300 1259 1288 1304; baseline 0 -9"><span class='ocrx_word' id='word_1_206' title='bbox 300 1260 487 1295; x_wconf 85' lang='lat' dir='ltr'>huiusmodi</span> <span class='ocrx_word' id='word_1_207' title='bbox 513 1260 660 1294; x_wconf 87' lang='lat' dir='ltr'>distincti</span> <span class='ocrx_word' id='word_1_208' title='bbox 681 1259 880 1304; x_wconf 81' lang='lat' dir='ltr'>dignitatem</span> <span class='ocrx_word' id='word_1_209' title='bbox 902 1261 1041 1295; x_wconf 86' lang='lat' dir='ltr'>caniclei</span> <span class='ocrx_word' id='word_1_210' title='bbox 1062 1261 1288 1296; x_wconf 88' lang='lat' dir='ltr'>obtinuerunt.</span> 
     </span>
    </p>
   </div>
   <div class='ocr_carea' id='block_1_4' title="bbox 290 1313 1795 2366">
    <p class='ocr_par' dir='ltr' id='par_1_5' title="bbox 290 1313 1795 2310">
     <span class='ocr_line' id='line_1_24' title="bbox 391 1313 1795 1361; baseline 0.001 -10"><span class='ocrx_word' id='word_1_211' title='bbox 391 1317 475 1351; x_wconf 82' lang='lat' dir='ltr'>ibid.</span> <span class='ocrx_word' id='word_1_212' title='bbox 509 1313 717 1361; x_wconf 82' lang='grc' dir='ltr'><strong><em>ὀχούμενος]</em></strong></span> <span class='ocrx_word' id='word_1_213' title='bbox 751 1319 909 1359; x_wconf 81' lang='lat' dir='ltr'>corrupta</span> <span class='ocrx_word' id='word_1_214' title='bbox 945 1317 1044 1350; x_wconf 82' lang='lat' dir='ltr'>lectio</span> <span class='ocrx_word' id='word_1_215' title='bbox 1075 1317 1274 1360; x_wconf 81' lang='lat' dir='ltr'>corrigitur,</span> <span class='ocrx_word' id='word_1_216' title='bbox 1307 1317 1336 1352; x_wconf 85' lang='lat' dir='ltr'>si</span> <span class='ocrx_word' id='word_1_217' title='bbox 1358 1317 1491 1361; x_wconf 85' lang='lat' dir='ltr'>legatur</span> <span class='ocrx_word' id='word_1_218' title='bbox 1513 1314 1534 1351; x_wconf 85' lang='grc' dir='ltr'><strong><em>ὁ</em></strong></span> <span class='ocrx_word' id='word_1_219' title='bbox 1563 1317 1742 1361; x_wconf 83' lang='grc' dir='ltr'><strong><em>Χοῦμνος.</em></strong></span> <span class='ocrx_word' id='word_1_220' title='bbox 1793 1359 1795 1361; x_wconf 27' lang='lat'>¹</span> 
     </span>
     <span class='ocr_line' id='line_1_25' title="bbox 298 1361 1744 1408; baseline 0 -12"><span class='ocrx_word' id='word_1_221' title='bbox 298 1364 387 1397; x_wconf 85' lang='lat' dir='ltr'>istae</span> <span class='ocrx_word' id='word_1_222' title='bbox 409 1373 492 1396; x_wconf 89' lang='lat' dir='ltr'>vero</span> <span class='ocrx_word' id='word_1_223' title='bbox 515 1361 755 1395; x_wconf 80' lang='lat' dir='ltr'>emendationis</span> <span class='ocrx_word' id='word_1_224' title='bbox 775 1361 999 1395; x_wconf 84' lang='lat' dir='ltr'>instituendae</span> <span class='ocrx_word' id='word_1_225' title='bbox 1023 1367 1101 1395; x_wconf 90' lang='lat' dir='ltr'>sunt</span> <span class='ocrx_word' id='word_1_226' title='bbox 1121 1364 1277 1399; x_wconf 78' lang='lat' dir='ltr'>rationes.</span> <span class='ocrx_word' id='word_1_227' title='bbox 1325 1364 1451 1408; x_wconf 82' lang='lat' dir='ltr'>prima,</span> <span class='ocrx_word' id='word_1_228' title='bbox 1475 1363 1562 1407; x_wconf 88' lang='lat' dir='ltr'>quod</span> <span class='ocrx_word' id='word_1_229' title='bbox 1581 1363 1744 1396; x_wconf 80' lang='lat' dir='ltr'>inusitata</span> 
     </span>
     <span class='ocr_line' id='line_1_26' title="bbox 299 1404 1742 1452; baseline -0.001 -10"><span class='ocrx_word' id='word_1_230' title='bbox 299 1408 344 1442; x_wconf 85' lang='lat' dir='ltr'>sit</span> <span class='ocrx_word' id='word_1_231' title='bbox 375 1409 512 1441; x_wconf 88' lang='lat' dir='ltr'>Graeca</span> <span class='ocrx_word' id='word_1_232' title='bbox 543 1407 675 1452; x_wconf 84' lang='lat' dir='ltr'>phrasis</span> <span class='ocrx_word' id='word_1_233' title='bbox 708 1406 749 1441; x_wconf 88' lang='lat' dir='ltr'>ad</span> <span class='ocrx_word' id='word_1_234' title='bbox 781 1407 924 1452; x_wconf 87' lang='lat' dir='ltr'>adeptae</span> <span class='ocrx_word' id='word_1_235' title='bbox 955 1407 1125 1450; x_wconf 84' lang='lat' dir='ltr'>dignitatis</span> <span class='ocrx_word' id='word_1_236' title='bbox 1164 1408 1316 1442; x_wconf 85' lang='lat' dir='ltr'>indicium</span> <span class='ocrx_word' id='word_1_237' title='bbox 1353 1404 1412 1442; x_wconf 80' lang='grc' dir='ltr'>ἐπὶ</span> <span class='ocrx_word' id='word_1_238' title='bbox 1443 1409 1512 1442; x_wconf 84' lang='grc' dir='ltr'><strong><em>τοῦ</em></strong></span> <span class='ocrx_word' id='word_1_239' title='bbox 1537 1408 1742 1442; x_wconf 80' lang='grc' dir='ltr'><strong><em>κανικλείου</em></strong></span> 
     </span>
     <span class='ocr_line' id='line_1_27' title="bbox 297 1450 1742 1498; baseline 0.001 -12"><span class='ocrx_word' id='word_1_240' title='bbox 297 1450 481 1497; x_wconf 77' lang='grc' dir='ltr'><strong><em>ὀχεῖσθαι.</em></strong></span> <span class='ocrx_word' id='word_1_241' title='bbox 536 1452 683 1486; x_wconf 87' lang='lat' dir='ltr'>secunda</span> <span class='ocrx_word' id='word_1_242' title='bbox 713 1452 824 1496; x_wconf 89' lang='lat' dir='ltr'>quod,</span> <span class='ocrx_word' id='word_1_243' title='bbox 854 1463 929 1485; x_wconf 92' lang='lat' dir='ltr'>cum</span> <span class='ocrx_word' id='word_1_244' title='bbox 958 1452 1126 1497; x_wconf 89' lang='lat' dir='ltr'>interpres</span> <span class='ocrx_word' id='word_1_245' title='bbox 1165 1453 1348 1486; x_wconf 87' lang='lat' dir='ltr'>reddiderit</span> <span class='ocrx_word' id='word_1_246' title='bbox 1378 1454 1431 1486; x_wconf 90' lang='lat' dir='ltr'>hic</span> <span class='ocrx_word' id='word_1_247' title='bbox 1459 1454 1508 1486; x_wconf 82' lang='lat' dir='ltr'>ad</span> <span class='ocrx_word' id='word_1_248' title='bbox 1534 1454 1742 1498; x_wconf 77' lang='lat' dir='ltr'>dignitatem</span> 
     </span>
     <span class='ocr_line' id='line_1_28' title="bbox 299 1497 1741 1543; baseline 0 -11"><span class='ocrx_word' id='word_1_249' title='bbox 299 1499 409 1542; x_wconf 77' lang='lat' dir='ltr'>evehi,</span> <span class='ocrx_word' id='word_1_250' title='bbox 433 1498 466 1531; x_wconf 90' lang='lat' dir='ltr'>in</span> <span class='ocrx_word' id='word_1_251' title='bbox 490 1497 732 1531; x_wconf 83' lang='lat' dir='ltr'>commentariis</span> <span class='ocrx_word' id='word_1_252' title='bbox 748 1498 874 1543; x_wconf 84' lang='lat' dir='ltr'>absque</span> <span class='ocrx_word' id='word_1_253' title='bbox 889 1502 1027 1531; x_wconf 87' lang='lat' dir='ltr'>auctore</span> <span class='ocrx_word' id='word_1_254' title='bbox 1049 1499 1205 1543; x_wconf 88' lang='lat' dir='ltr'>exposuit</span> <span class='ocrx_word' id='word_1_255' title='bbox 1225 1498 1417 1539; x_wconf 90' lang='lat' dir='ltr'>canicleum,</span> <span class='ocrx_word' id='word_1_256' title='bbox 1439 1503 1478 1532; x_wconf 80' lang='lat' dir='ltr'>ut</span> <span class='ocrx_word' id='word_1_257' title='bbox 1499 1510 1580 1543; x_wconf 82' lang='lat' dir='ltr'>equo</span> <span class='ocrx_word' id='word_1_258' title='bbox 1603 1499 1741 1533; x_wconf 82' lang='lat' dir='ltr'>vehere-</span> 
     </span>
     <span class='ocr_line' id='line_1_29' title="bbox 299 1543 1742 1589; baseline 0.001 -12"><span class='ocrx_word' id='word_1_259' title='bbox 299 1550 380 1585; x_wconf 74' lang='lat' dir='ltr'>tur,</span> <span class='ocrx_word' id='word_1_260' title='bbox 404 1543 439 1577; x_wconf 88' lang='lat' dir='ltr'>in</span> <span class='ocrx_word' id='word_1_261' title='bbox 461 1543 586 1588; x_wconf 83' lang='lat' dir='ltr'>palatio</span> <span class='ocrx_word' id='word_1_262' title='bbox 606 1543 656 1576; x_wconf 86' lang='lat' dir='ltr'>ius</span> <span class='ocrx_word' id='word_1_263' title='bbox 679 1543 845 1576; x_wconf 87' lang='lat' dir='ltr'>habuisse.</span> <span class='ocrx_word' id='word_1_264' title='bbox 887 1543 1003 1584; x_wconf 85' lang='lat' dir='ltr'>tertia,</span> <span class='ocrx_word' id='word_1_265' title='bbox 1027 1554 1100 1576; x_wconf 90' lang='lat' dir='ltr'>cum</span> <span class='ocrx_word' id='word_1_266' title='bbox 1124 1544 1290 1588; x_wconf 83' lang='lat' dir='ltr'>praesenti</span> <span class='ocrx_word' id='word_1_267' title='bbox 1313 1545 1375 1578; x_wconf 87' lang='lat' dir='ltr'>hoc</span> <span class='ocrx_word' id='word_1_268' title='bbox 1398 1544 1509 1589; x_wconf 81' lang='lat' dir='ltr'>capite</span> <span class='ocrx_word' id='word_1_269' title='bbox 1530 1549 1662 1578; x_wconf 85' lang='lat' dir='ltr'>constet</span> <span class='ocrx_word' id='word_1_270' title='bbox 1683 1555 1742 1578; x_wconf 88' lang='lat' dir='ltr'>au-</span> 
     </span>
     <span class='ocr_line' id='line_1_30' title="bbox 297 1588 1742 1634; baseline 0 -12"><span class='ocrx_word' id='word_1_271' title='bbox 297 1595 426 1623; x_wconf 85' lang='lat' dir='ltr'>ctorem</span> <span class='ocrx_word' id='word_1_272' title='bbox 448 1589 547 1633; x_wconf 83' lang='lat' dir='ltr'>paulo</span> <span class='ocrx_word' id='word_1_273' title='bbox 569 1593 648 1633; x_wconf 87' lang='lat' dir='ltr'>post</span> <span class='ocrx_word' id='word_1_274' title='bbox 670 1588 894 1622; x_wconf 87' lang='lat' dir='ltr'>Andronicum</span> <span class='ocrx_word' id='word_1_275' title='bbox 919 1588 1102 1631; x_wconf 86' lang='lat' dir='ltr'>seniorem,</span> <span class='ocrx_word' id='word_1_276' title='bbox 1132 1589 1175 1622; x_wconf 89' lang='lat' dir='ltr'>de</span> <span class='ocrx_word' id='word_1_277' title='bbox 1197 1599 1263 1633; x_wconf 86' lang='lat' dir='ltr'>quo</span> <span class='ocrx_word' id='word_1_278' title='bbox 1285 1589 1439 1634; x_wconf 83' lang='lat' dir='ltr'>scripsit,</span> <span class='ocrx_word' id='word_1_279' title='bbox 1470 1589 1646 1632; x_wconf 84' lang='lat' dir='ltr'>floruisse,</span> <span class='ocrx_word' id='word_1_280' title='bbox 1675 1600 1742 1623; x_wconf 88' lang='lat' dir='ltr'>non</span> 
     </span>
     <span class='ocr_line' id='line_1_31' title="bbox 297 1633 1743 1689; baseline 0.001 -22"><span class='ocrx_word' id='word_1_281' title='bbox 297 1635 517 1679; x_wconf 85' lang='lat' dir='ltr'>incongruum</span> <span class='ocrx_word' id='word_1_282' title='bbox 541 1638 595 1668; x_wconf 91' lang='lat' dir='ltr'>est</span> <span class='ocrx_word' id='word_1_283' title='bbox 617 1645 691 1667; x_wconf 87' lang='lat' dir='ltr'>eum</span> <span class='ocrx_word' id='word_1_284' title='bbox 715 1633 758 1667; x_wconf 90' lang='lat' dir='ltr'>de</span> <span class='ocrx_word' id='word_1_285' title='bbox 779 1639 962 1667; x_wconf 81' lang='lat' dir='ltr'>coaetaneo</span> <span class='ocrx_word' id='word_1_286' title='bbox 984 1634 1045 1667; x_wconf 91' lang='lat' dir='ltr'>sibi</span> <span class='ocrx_word' id='word_1_287' title='bbox 1068 1633 1236 1675; x_wconf 89' lang='lat' dir='ltr'>canicleo,</span> <span class='ocrx_word' id='word_1_288' title='bbox 1268 1634 1326 1689; x_wconf 74' lang='lat' dir='ltr'>qui</span> <span class='ocrx_word' id='word_1_289' title='bbox 1350 1645 1510 1668; x_wconf 85' lang='lat' dir='ltr'>consocer</span> <span class='ocrx_word' id='word_1_290' title='bbox 1530 1635 1743 1681; x_wconf 86' lang='lat' dir='ltr'>imperatoris</span> 
     </span>
     <span class='ocr_line' id='line_1_32' title="bbox 297 1677 1739 1724; baseline 0.001 -11"><span class='ocrx_word' id='word_1_291' title='bbox 297 1680 420 1721; x_wconf 82' lang='lat' dir='ltr'>suerit,</span> <span class='ocrx_word' id='word_1_292' title='bbox 443 1679 602 1713; x_wconf 87' lang='lat' dir='ltr'>habuisse</span> <span class='ocrx_word' id='word_1_293' title='bbox 624 1689 828 1712; x_wconf 84' lang='lat' dir='ltr'>sermonem:</span> <span class='ocrx_word' id='word_1_294' title='bbox 861 1679 892 1712; x_wconf 85' lang='lat' dir='ltr'>is</span> <span class='ocrx_word' id='word_1_295' title='bbox 917 1683 1029 1713; x_wconf 87' lang='lat' dir='ltr'>autem</span> <span class='ocrx_word' id='word_1_296' title='bbox 1052 1679 1117 1713; x_wconf 89' lang='lat' dir='ltr'>fuit</span> <span class='ocrx_word' id='word_1_297' title='bbox 1138 1680 1355 1724; x_wconf 80' lang='grc' dir='ltr'><strong><em>Νικηφορος</em></strong></span> <span class='ocrx_word' id='word_1_298' title='bbox 1377 1677 1397 1713; x_wconf 82' lang='grc' dir='ltr'><strong><em>ὁ</em></strong></span> <span class='ocrx_word' id='word_1_299' title='bbox 1421 1680 1588 1724; x_wconf 83' lang='grc' dir='ltr'><strong><em>Χοῦμνος</em></strong></span> <span class='ocrx_word' id='word_1_300' title='bbox 1642 1691 1739 1724; x_wconf 88' lang='lat' dir='ltr'>quem</span> 
     </span>
     <span class='ocr_line' id='line_1_33' title="bbox 299 1705 1741 1781; baseline 0.001 -23"><span class='ocrx_word' id='word_1_301' title='bbox 299 1726 475 1768; x_wconf 85' lang='lat' dir='ltr'>Gregoras</span> <span class='ocrx_word' id='word_1_302' title='bbox 509 1725 544 1758; x_wconf 87' lang='lat' dir='ltr'>in</span> <span class='ocrx_word' id='word_1_303' title='bbox 571 1724 761 1758; x_wconf 86' lang='lat' dir='ltr'>Andronico</span> <span class='ocrx_word' id='word_1_304' title='bbox 795 1725 818 1758; x_wconf 91' lang='lat' dir='ltr'>l.</span> <span class='ocrx_word' id='word_1_305' title='bbox 847 1725 881 1759; x_wconf 87' lang='lat'>7.</span> <span class='ocrx_word' id='word_1_306' title='bbox 905 1736 937 1768; x_wconf 85' lang='lat' dir='ltr'>p.</span> <span class='ocrx_word' id='word_1_307' title='bbox 961 1724 1028 1759; x_wconf 74' lang='lat'>241</span> <span class='ocrx_word' id='word_1_308' title='bbox 1051 1725 1105 1761; x_wconf 84' lang='lat' dir='ltr'>ed.</span> <span class='ocrx_word' id='word_1_309' title='bbox 1128 1725 1235 1758; x_wconf 90' lang='lat' dir='ltr'>Bonn.</span> <span class='ocrx_word' id='word_1_310' title='bbox 1257 1721 1477 1781; x_wconf 59' lang='grc' dir='ltr'><strong><em>Νικηφόρον</em></strong></span> <span class='ocrx_word' id='word_1_311' title='bbox 1501 1722 1567 1760; x_wconf 84' lang='grc' dir='ltr'><strong><em>τὸν</em></strong></span> <span class='ocrx_word' id='word_1_312' title='bbox 1591 1705 1652 1760; x_wconf 63' lang='grc' dir='ltr'>ἐπὶ</span> <span class='ocrx_word' id='word_1_313' title='bbox 1674 1726 1741 1759; x_wconf 84' lang='grc' dir='ltr'><strong><em>τοῦ</em></strong></span> 
     </span>
     <span class='ocr_line' id='line_1_34' title="bbox 297 1767 1740 1814; baseline 0.001 -11"><span class='ocrx_word' id='word_1_314' title='bbox 297 1769 505 1804; x_wconf 75' lang='grc' dir='ltr'><strong><em>κανικλείου</em></strong></span> <span class='ocrx_word' id='word_1_315' title='bbox 535 1769 701 1812; x_wconf 88' lang='lat' dir='ltr'>nominat,</span> <span class='ocrx_word' id='word_1_316' title='bbox 734 1769 777 1803; x_wconf 91' lang='lat' dir='ltr'>de</span> <span class='ocrx_word' id='word_1_317' title='bbox 799 1779 866 1814; x_wconf 86' lang='lat' dir='ltr'>quo</span> <span class='ocrx_word' id='word_1_318' title='bbox 890 1770 1145 1804; x_wconf 84' lang='lat' dir='ltr'>Cantacuzenus</span> <span class='ocrx_word' id='word_1_319' title='bbox 1170 1772 1187 1805; x_wconf 84' lang='lat'><strong>1</strong></span> <span class='ocrx_word' id='word_1_320' title='bbox 1214 1771 1275 1805; x_wconf 82' lang='lat'>14:</span> <span class='ocrx_word' id='word_1_321' title='bbox 1310 1767 1330 1804; x_wconf 83' lang='grc' dir='ltr'>ὁ</span> <span class='ocrx_word' id='word_1_322' title='bbox 1357 1767 1418 1805; x_wconf 80' lang='grc' dir='ltr'>επὶ</span> <span class='ocrx_word' id='word_1_323' title='bbox 1438 1770 1506 1804; x_wconf 83' lang='grc' dir='ltr'><strong><em>τοῦ</em></strong></span> <span class='ocrx_word' id='word_1_324' title='bbox 1531 1770 1740 1805; x_wconf 80' lang='grc' dir='ltr'><strong><em>κανικλειόυ</em></strong></span> 
     </span>
     <span class='ocr_line' id='line_1_35' title="bbox 296 1810 1737 1871; baseline 0.002 -24"><span class='ocrx_word' id='word_1_325' title='bbox 296 1813 517 1859; x_wconf 82' lang='grc' dir='ltr'><strong><em>Νικηφόρος</em></strong></span> <span class='ocrx_word' id='word_1_326' title='bbox 539 1812 559 1848; x_wconf 81' lang='grc' dir='ltr'><strong><em>ὁ</em></strong></span> <span class='ocrx_word' id='word_1_327' title='bbox 585 1815 753 1860; x_wconf 83' lang='grc' dir='ltr'><strong><em>Χοῦμνος</em></strong></span> <span class='ocrx_word' id='word_1_328' title='bbox 777 1810 894 1858; x_wconf 76' lang='grc' dir='ltr'><strong><em>σοφᾶς</em></strong></span> <span class='ocrx_word' id='word_1_329' title='bbox 920 1811 1016 1859; x_wconf 71' lang='grc' dir='ltr'><strong><em>ἀνὴρ</em></strong></span> <span class='ocrx_word' id='word_1_330' title='bbox 1041 1813 1104 1848; x_wconf 83' lang='grc' dir='ltr'>καὶ</span> <span class='ocrx_word' id='word_1_331' title='bbox 1127 1814 1336 1860; x_wconf 77' lang='grc' dir='ltr'><strong><em>θαυμάσιος</em></strong></span> <span class='ocrx_word' id='word_1_332' title='bbox 1360 1812 1401 1849; x_wconf 76' lang='grc' dir='ltr'><strong><em>ἐν</em></strong></span> <span class='ocrx_word' id='word_1_333' title='bbox 1426 1813 1623 1871; x_wconf 60' lang='grc' dir='ltr'><strong><em>φρονήσει,</em></strong></span> <span class='ocrx_word' id='word_1_334' title='bbox 1648 1818 1737 1850; x_wconf 83' lang='grc' dir='ltr'><strong><em>πολ-</em></strong></span> 
     </span>
     <span class='ocr_line' id='line_1_36' title="bbox 296 1856 1740 1914; baseline 0.001 -21"><span class='ocrx_word' id='word_1_335' title='bbox 296 1860 362 1914; x_wconf 62' lang='grc' dir='ltr'>λῇς</span> <span class='ocrx_word' id='word_1_336' title='bbox 386 1871 425 1893; x_wconf 92' lang='grc' dir='ltr'>τε</span> <span class='ocrx_word' id='word_1_337' title='bbox 451 1857 651 1894; x_wconf 70' lang='grc' dir='ltr'><strong><em>ἀπολαύων</em></strong></span> <span class='ocrx_word' id='word_1_338' title='bbox 675 1858 770 1904; x_wconf 80' lang='grc' dir='ltr'><strong><em>πρός</em></strong></span> <span class='ocrx_word' id='word_1_339' title='bbox 795 1857 968 1905; x_wconf 80' lang='grc' dir='ltr'><strong><em>βασιλέως</em></strong></span> <span class='ocrx_word' id='word_1_340' title='bbox 993 1856 1138 1900; x_wconf 80' lang='grc' dir='ltr'><strong><em>εὐνοίας</em></strong></span> <span class='ocrx_word' id='word_1_341' title='bbox 1162 1872 1200 1894; x_wconf 87' lang='grc' dir='ltr'>τε</span> <span class='ocrx_word' id='word_1_342' title='bbox 1228 1859 1291 1895; x_wconf 78' lang='grc' dir='ltr'>καὶ</span> <span class='ocrx_word' id='word_1_343' title='bbox 1315 1862 1440 1905; x_wconf 85' lang='grc' dir='ltr'><strong><em>τιμῆς,</em></strong></span> <span class='ocrx_word' id='word_1_344' title='bbox 1465 1857 1513 1895; x_wconf 78' lang='grc' dir='ltr'>δι’</span> <span class='ocrx_word' id='word_1_345' title='bbox 1533 1858 1581 1904; x_wconf 80' lang='grc' dir='ltr'><strong><em>ἠν</em></strong></span> <span class='ocrx_word' id='word_1_346' title='bbox 1594 1858 1657 1895; x_wconf 79' lang='grc' dir='ltr'>καὶ</span> <span class='ocrx_word' id='word_1_347' title='bbox 1670 1858 1740 1905; x_wconf 82' lang='grc' dir='ltr'><strong><em>τὴν</em></strong></span> 
     </span>
     <span class='ocr_line' id='line_1_37' title="bbox 294 1902 1738 1951; baseline 0.001 -13"><span class='ocrx_word' id='word_1_348' title='bbox 294 1905 412 1939; x_wconf 82' lang='grc' dir='ltr'><strong><em>αυτοῦ</em></strong></span> <span class='ocrx_word' id='word_1_349' title='bbox 432 1903 622 1949; x_wconf 79' lang='grc' dir='ltr'><strong><em>θυγατέρα</em></strong></span> <span class='ocrx_word' id='word_1_350' title='bbox 647 1902 812 1949; x_wconf 77' lang='grc' dir='ltr'><strong><em>Εἰρήνην</em></strong></span> <span class='ocrx_word' id='word_1_351' title='bbox 831 1905 883 1948; x_wconf 77' lang='grc' dir='ltr'>τῷ</span> <span class='ocrx_word' id='word_1_352' title='bbox 908 1902 982 1951; x_wconf 63' lang='lat' dir='ltr'>‘usqi‘</span> <span class='ocrx_word' id='word_1_353' title='bbox 1006 1902 1123 1939; x_wconf 79' lang='grc' dir='ltr'><strong><em>αὐτοῦ</em></strong></span> <span class='ocrx_word' id='word_1_354' title='bbox 1149 1905 1305 1951; x_wconf 81' lang='grc' dir='ltr'><strong><em>δεσπότῃ</em></strong></span> <span class='ocrx_word' id='word_1_355' title='bbox 1325 1903 1478 1950; x_wconf 77' lang='grc' dir='ltr'><strong><em>Ἰωάννῃ</em></strong></span> <span class='ocrx_word' id='word_1_356' title='bbox 1499 1903 1593 1948; x_wconf 78' lang='grc' dir='ltr'><strong><em>πρὸς</em></strong></span> <span class='ocrx_word' id='word_1_357' title='bbox 1618 1903 1738 1951; x_wconf 78' lang='grc' dir='ltr'><strong><em>γάμου</em></strong></span> 
     </span>
     <span class='ocr_line' id='line_1_38' title="bbox 294 1947 1735 1995; baseline 0.002 -13"><span class='ocrx_word' id='word_1_358' title='bbox 294 1949 492 1983; x_wconf 73' lang='grc' dir='ltr'><strong><em>κοινωνίαν</em></strong></span> <span class='ocrx_word' id='word_1_359' title='bbox 513 1947 648 1994; x_wconf 84' lang='grc' dir='ltr'><strong><em>ἤγαγεν</em></strong></span> <span class='ocrx_word' id='word_1_360' title='bbox 672 1947 691 1984; x_wconf 88' lang='grc' dir='ltr'>ὁ</span> <span class='ocrx_word' id='word_1_361' title='bbox 720 1949 895 1995; x_wconf 81' lang='grc' dir='ltr'><strong><em>βασιλεύς.</em></strong></span> <span class='ocrx_word' id='word_1_362' title='bbox 943 1955 978 1984; x_wconf 88' lang='lat' dir='ltr'>et</span> <span class='ocrx_word' id='word_1_363' title='bbox 1001 1951 1151 1994; x_wconf 85' lang='lat' dir='ltr'>quamvis</span> <span class='ocrx_word' id='word_1_364' title='bbox 1175 1951 1345 1984; x_wconf 80' lang='lat' dir='ltr'>Pantanus</span> <span class='ocrx_word' id='word_1_365' title='bbox 1376 1951 1544 1995; x_wconf 87' lang='lat' dir='ltr'>interpres</span> <span class='ocrx_word' id='word_1_366' title='bbox 1575 1951 1652 1984; x_wconf 90' lang='lat' dir='ltr'>olim</span> <span class='ocrx_word' id='word_1_367' title='bbox 1684 1952 1735 1985; x_wconf 89' lang='lat' dir='ltr'>le—</span> 
     </span>
     <span class='ocr_line' id='line_1_39' title="bbox 294 1991 1737 2038; baseline 0.002 -11"><span class='ocrx_word' id='word_1_368' title='bbox 294 1994 384 2037; x_wconf 80' lang='lat' dir='ltr'>gerit</span> <span class='ocrx_word' id='word_1_369' title='bbox 406 1991 601 2038; x_wconf 84' lang='grc' dir='ltr'><strong><em>ὁχούμενος</em></strong></span> <span class='ocrx_word' id='word_1_370' title='bbox 625 2005 665 2027; x_wconf 84' lang='lat' dir='ltr'>ac</span> <span class='ocrx_word' id='word_1_371' title='bbox 688 1994 868 2027; x_wconf 87' lang='lat' dir='ltr'>reddiderit</span> <span class='ocrx_word' id='word_1_372' title='bbox 889 1996 968 2028; x_wconf 75' lang='lat' dir='ltr'>vehi</span> <span class='ocrx_word' id='word_1_373' title='bbox 991 1996 1134 2032; x_wconf 78' lang='lat' dir='ltr'>solebat,</span> <span class='ocrx_word' id='word_1_374' title='bbox 1170 1997 1292 2029; x_wconf 87' lang='lat' dir='ltr'>nullum</span> <span class='ocrx_word' id='word_1_375' title='bbox 1322 2000 1433 2028; x_wconf 82' lang='lat' dir='ltr'>tamen</span> <span class='ocrx_word' id='word_1_376' title='bbox 1467 1995 1538 2028; x_wconf 87' lang='lat' dir='ltr'>eius</span> <span class='ocrx_word' id='word_1_377' title='bbox 1570 1997 1737 2031; x_wconf 83' lang='lat' dir='ltr'>sententia</span> 
     </span>
     <span class='ocr_line' id='line_1_40' title="bbox 290 2039 1732 2083; baseline 0.002 -11"><span class='ocrx_word' id='word_1_378' title='bbox 290 2039 507 2083; x_wconf 76' lang='lat' dir='ltr'>consequitur</span> <span class='ocrx_word' id='word_1_379' title='bbox 538 2050 687 2083; x_wconf 83' lang='lat' dir='ltr'>sensum,</span> <span class='ocrx_word' id='word_1_380' title='bbox 717 2039 927 2082; x_wconf 79' lang='lat' dir='ltr'>Nicephorus</span> <span class='ocrx_word' id='word_1_381' title='bbox 959 2041 1018 2083; x_wconf 81' lang='lat' dir='ltr'>qui</span> <span class='ocrx_word' id='word_1_382' title='bbox 1048 2041 1199 2074; x_wconf 80' lang='lat' dir='ltr'>canicleo</span> <span class='ocrx_word' id='word_1_383' title='bbox 1224 2046 1390 2083; x_wconf 81' lang='lat' dir='ltr'>praeerat</span> <span class='ocrx_word' id='word_1_384' title='bbox 1420 2044 1453 2074; x_wconf 83' lang='lat' dir='ltr'>et</span> <span class='ocrx_word' id='word_1_385' title='bbox 1482 2041 1560 2074; x_wconf 77' lang='lat' dir='ltr'>vehi</span> <span class='ocrx_word' id='word_1_386' title='bbox 1590 2041 1732 2076; x_wconf 81' lang='lat' dir='ltr'>solebat.</span> 
     </span>
     <span class='ocr_line' id='line_1_41' title="bbox 294 2083 1734 2131; baseline 0.002 -14"><span class='ocrx_word' id='word_1_387' title='bbox 294 2095 367 2118; x_wconf 87' lang='lat' dir='ltr'>eam</span> <span class='ocrx_word' id='word_1_388' title='bbox 390 2084 436 2117; x_wconf 93' lang='lat' dir='ltr'>ob</span> <span class='ocrx_word' id='word_1_389' title='bbox 460 2095 529 2117; x_wconf 89' lang='lat' dir='ltr'>rem</span> <span class='ocrx_word' id='word_1_390' title='bbox 551 2095 658 2118; x_wconf 89' lang='lat' dir='ltr'>novus</span> <span class='ocrx_word' id='word_1_391' title='bbox 681 2084 878 2117; x_wconf 86' lang='lat' dir='ltr'>scholiastes</span> <span class='ocrx_word' id='word_1_392' title='bbox 899 2084 1077 2128; x_wconf 84' lang='lat' dir='ltr'>adscripsit</span> <span class='ocrx_word' id='word_1_393' title='bbox 1106 2085 1260 2128; x_wconf 81' lang='lat' dir='ltr'>margini:</span> <span class='ocrx_word' id='word_1_394' title='bbox 1291 2085 1457 2130; x_wconf 88' lang='lat' dir='ltr'>interpres</span> <span class='ocrx_word' id='word_1_395' title='bbox 1483 2085 1565 2129; x_wconf 83' lang='lat' dir='ltr'>legit</span> <span class='ocrx_word' id='word_1_396' title='bbox 1586 2083 1734 2131; x_wconf 80' lang='grc' dir='ltr'><strong><em>ὀχούμε-</em></strong></span> 
     </span>
     <span class='ocr_line' id='line_1_42' title="bbox 292 2125 1732 2174; baseline 0.003 -12"><span class='ocrx_word' id='word_1_397' title='bbox 292 2140 377 2171; x_wconf 88' lang='grc' dir='ltr'><strong><em>νος,</em></strong></span> <span class='ocrx_word' id='word_1_398' title='bbox 402 2129 502 2163; x_wconf 76' lang='lat' dir='ltr'>male:</span> <span class='ocrx_word' id='word_1_399' title='bbox 527 2140 601 2163; x_wconf 85' lang='lat' dir='ltr'>nam</span> <span class='ocrx_word' id='word_1_400' title='bbox 625 2132 678 2163; x_wconf 86' lang='lat' dir='ltr'>est</span> <span class='ocrx_word' id='word_1_401' title='bbox 702 2125 722 2162; x_wconf 84' lang='grc' dir='ltr'><em>ὃ</em></span> <span class='ocrx_word' id='word_1_402' title='bbox 751 2129 931 2172; x_wconf 85' lang='grc' dir='ltr'><strong><em>Χοῦμνος.</em></strong></span> <span class='ocrx_word' id='word_1_403' title='bbox 978 2128 1108 2173; x_wconf 81' lang='lat' dir='ltr'>ultima,</span> <span class='ocrx_word' id='word_1_404' title='bbox 1141 2141 1227 2174; x_wconf 82' lang='lat' dir='ltr'>qnae</span> <span class='ocrx_word' id='word_1_405' title='bbox 1250 2130 1341 2164; x_wconf 89' lang='lat' dir='ltr'>litem</span> <span class='ocrx_word' id='word_1_406' title='bbox 1364 2141 1490 2165; x_wconf 88' lang='lat' dir='ltr'>omnem</span> <span class='ocrx_word' id='word_1_407' title='bbox 1513 2131 1657 2173; x_wconf 85' lang='lat' dir='ltr'>dirimit,</span> <span class='ocrx_word' id='word_1_408' title='bbox 1690 2143 1732 2166; x_wconf 87' lang='lat' dir='ltr'>ex</span> 
     </span>
     <span class='ocr_line' id='line_1_43' title="bbox 294 2172 1734 2221; baseline 0.002 -14"><span class='ocrx_word' id='word_1_409' title='bbox 294 2174 413 2217; x_wconf 80' lang='lat' dir='ltr'>Regiis</span> <span class='ocrx_word' id='word_1_410' title='bbox 433 2174 677 2218; x_wconf 86' lang='lat' dir='ltr'>exemplaribus</span> <span class='ocrx_word' id='word_1_411' title='bbox 700 2174 844 2218; x_wconf 86' lang='lat' dir='ltr'>petitur,</span> <span class='ocrx_word' id='word_1_412' title='bbox 877 2174 911 2207; x_wconf 83' lang='lat' dir='ltr'>in</span> <span class='ocrx_word' id='word_1_413' title='bbox 933 2173 1052 2218; x_wconf 88' lang='lat' dir='ltr'>quibus</span> <span class='ocrx_word' id='word_1_414' title='bbox 1076 2186 1141 2208; x_wconf 90' lang='lat' dir='ltr'>non</span> <span class='ocrx_word' id='word_1_415' title='bbox 1172 2172 1386 2219; x_wconf 84' lang='grc' dir='ltr'><strong><em>ὀχούμενος,</em></strong></span> <span class='ocrx_word' id='word_1_416' title='bbox 1418 2176 1477 2210; x_wconf 91' lang='lat' dir='ltr'>sed</span> <span class='ocrx_word' id='word_1_417' title='bbox 1510 2172 1530 2210; x_wconf 85' lang='grc' dir='ltr'><em>ὃ</em></span> <span class='ocrx_word' id='word_1_418' title='bbox 1566 2177 1734 2221; x_wconf 86' lang='grc' dir='ltr'><strong><em>Χοῦμνος</em></strong></span> 
     </span>
     <span class='ocr_line' id='line_1_44' title="bbox 291 2219 1732 2263; baseline 0.003 -11"><span class='ocrx_word' id='word_1_419' title='bbox 291 2219 467 2253; x_wconf 79' lang='lat' dir='ltr'>manifeste</span> <span class='ocrx_word' id='word_1_420' title='bbox 491 2219 633 2263; x_wconf 74' lang='lat' dir='ltr'>legitur3</span> <span class='ocrx_word' id='word_1_421' title='bbox 655 2224 688 2252; x_wconf 84' lang='lat' dir='ltr'>et</span> <span class='ocrx_word' id='word_1_422' title='bbox 711 2230 753 2253; x_wconf 87' lang='lat' dir='ltr'>ex</span> <span class='ocrx_word' id='word_1_423' title='bbox 774 2219 890 2253; x_wconf 86' lang='lat' dir='ltr'>iisdem</span> <span class='ocrx_word' id='word_1_424' title='bbox 912 2219 1121 2254; x_wconf 90' lang='lat' dir='ltr'>librariorum</span> <span class='ocrx_word' id='word_1_425' title='bbox 1143 2220 1228 2255; x_wconf 84' lang='lat' dir='ltr'>vitio</span> <span class='ocrx_word' id='word_1_426' title='bbox 1253 2226 1288 2255; x_wconf 85' lang='lat' dir='ltr'>et</span> <span class='ocrx_word' id='word_1_427' title='bbox 1311 2221 1478 2256; x_wconf 77' lang='lat' dir='ltr'>affinitate</span> <span class='ocrx_word' id='word_1_428' title='bbox 1499 2232 1617 2257; x_wconf 86' lang='lat' dir='ltr'>vocum</span> <span class='ocrx_word' id='word_1_429' title='bbox 1639 2233 1732 2257; x_wconf 88' lang='lat' dir='ltr'>men-</span> 
     </span>
     <span class='ocr_line' id='line_1_45' title="bbox 292 2264 789 2310; baseline -0.002 -12"><span class='ocrx_word' id='word_1_430' title='bbox 292 2264 369 2299; x_wconf 88' lang='lat' dir='ltr'>dum</span> <span class='ocrx_word' id='word_1_431' title='bbox 386 2264 564 2310; x_wconf 82' lang='lat' dir='ltr'>irrepsisse</span> <span class='ocrx_word' id='word_1_432' title='bbox 586 2264 789 2298; x_wconf 88' lang='lat' dir='ltr'>coniicimus.</span> 
     </span>
    </p>

    <p class='ocr_par' dir='ltr' id='par_1_6' title="bbox 402 2311 1730 2366">
     <span class='ocr_line' id='line_1_46' title="bbox 402 2311 1730 2366; baseline 0.003 -16"><span class='ocrx_word' id='word_1_433' title='bbox 402 2325 439 2363; x_wconf 93' lang='lat' dir='ltr'>p.</span> <span class='ocrx_word' id='word_1_434' title='bbox 461 2314 512 2353; x_wconf 80' lang='lat'>13</span> <span class='ocrx_word' id='word_1_435' title='bbox 534 2325 566 2350; x_wconf 89' lang='lat' dir='ltr'>v.</span> <span class='ocrx_word' id='word_1_436' title='bbox 586 2314 613 2354; x_wconf 87' lang='lat'><strong>3</strong></span> <span class='ocrx_word' id='word_1_437' title='bbox 661 2311 820 2361; x_wconf 82' lang='lat' dir='ltr'>Magnus</span> <span class='ocrx_word' id='word_1_438' title='bbox 835 2312 990 2362; x_wconf 83' lang='lat' dir='ltr'>baiulus]</span> <span class='ocrx_word' id='word_1_439' title='bbox 1023 2314 1261 2364; x_wconf 82' lang='lat' dir='ltr'>paedagogus</span> <span class='ocrx_word' id='word_1_440' title='bbox 1287 2313 1345 2352; x_wconf 85' lang='lat' dir='ltr'>vel</span> <span class='ocrx_word' id='word_1_441' title='bbox 1370 2314 1620 2366; x_wconf 85' lang='lat' dir='ltr'>imperatoris,</span> <span class='ocrx_word' id='word_1_442' title='bbox 1647 2327 1730 2354; x_wconf 88' lang='lat' dir='ltr'>cum</span> 
     </span>
    </p>
   </div>
   <div class='ocr_carea' id='block_1_5' title="bbox 289 2367 1731 2536">
    <p class='ocr_par' dir='ltr' id='par_1_7' title="bbox 289 2367 1731 2536">
     <span class='ocr_line' id='line_1_47' title="bbox 290 2367 1730 2423; baseline 0.006 -19"><span class='ocrx_word' id='word_1_443' title='bbox 290 2368 409 2407; x_wconf 87' lang='lat' dir='ltr'>iunior</span> <span class='ocrx_word' id='word_1_444' title='bbox 441 2372 559 2418; x_wconf 84' lang='lat' dir='ltr'>esset,</span> <span class='ocrx_word' id='word_1_445' title='bbox 600 2367 657 2406; x_wconf 87' lang='lat' dir='ltr'>vel</span> <span class='ocrx_word' id='word_1_446' title='bbox 682 2368 837 2406; x_wconf 86' lang='lat' dir='ltr'>filiorum</span> <span class='ocrx_word' id='word_1_447' title='bbox 874 2369 1114 2419; x_wconf 86' lang='lat' dir='ltr'>imperatoris.</span> <span class='ocrx_word' id='word_1_448' title='bbox 1160 2371 1441 2420; x_wconf 88' lang='lat' dir='ltr'>Moschopulus:</span> <span class='ocrx_word' id='word_1_449' title='bbox 1480 2368 1730 2423; x_wconf 76' lang='grc' dir='ltr'><strong><em>παιδαγωγὸς</em></strong></span> 
     </span>
     <span class='ocr_line' id='line_1_48' title="bbox 289 2421 1731 2477; baseline 0.003 -14"><span class='ocrx_word' id='word_1_450' title='bbox 289 2424 359 2464; x_wconf 79' lang='grc' dir='ltr'>καὶ</span> <span class='ocrx_word' id='word_1_451' title='bbox 392 2424 668 2477; x_wconf 82' lang='grc' dir='ltr'><strong><em>παιδοτρίβης,</em></strong></span> <span class='ocrx_word' id='word_1_452' title='bbox 701 2423 726 2465; x_wconf 87' lang='lat' dir='ltr'>o‘</span> <span class='ocrx_word' id='word_1_453' title='bbox 760 2421 967 2476; x_wconf 84' lang='grc' dir='ltr'><strong><em>λεγόμενος</em></strong></span> <span class='ocrx_word' id='word_1_454' title='bbox 999 2427 1197 2477; x_wconf 82' lang='grc' dir='ltr'><strong><em>βαΐουλος.</em></strong></span> <span class='ocrx_word' id='word_1_455' title='bbox 1259 2428 1474 2465; x_wconf 85' lang='lat' dir='ltr'>Cedrenus:</span> <span class='ocrx_word' id='word_1_456' title='bbox 1519 2422 1731 2474; x_wconf 85' lang='grc' dir='ltr'><strong><em>Θεοδόσιος</em></strong></span> 
     </span>
     <span class='ocr_line' id='line_1_49' title="bbox 290 2476 1730 2536; baseline 0.002 -17"><span class='ocrx_word' id='word_1_457' title='bbox 290 2478 313 2519; x_wconf 87' lang='grc' dir='ltr'>ὁ</span> <span class='ocrx_word' id='word_1_458' title='bbox 346 2479 529 2531; x_wconf 76' lang='grc' dir='ltr'><strong><em>βασιλεῦς</em></strong></span> <span class='ocrx_word' id='word_1_459' title='bbox 559 2476 758 2532; x_wconf 80' lang='grc' dir='ltr'><strong><em>Ἀντίοχον</em></strong></span> <span class='ocrx_word' id='word_1_460' title='bbox 785 2476 1047 2533; x_wconf 80' lang='grc' dir='ltr'><strong><em>πραιπόσιτον</em></strong></span> <span class='ocrx_word' id='word_1_461' title='bbox 1071 2482 1138 2521; x_wconf 81' lang='grc' dir='ltr'>καὶ</span> <span class='ocrx_word' id='word_1_462' title='bbox 1175 2484 1400 2536; x_wconf 82' lang='grc' dir='ltr'><strong><em>πατρίκιον,</em></strong></span> <span class='ocrx_word' id='word_1_463' title='bbox 1439 2481 1504 2522; x_wconf 80' lang='grc' dir='ltr'><strong><em>τὸν</em></strong></span> <span class='ocrx_word' id='word_1_464' title='bbox 1541 2483 1730 2535; x_wconf 82' lang='grc' dir='ltr'><strong><em>βαΐουλον</em></strong></span> 
     </span>
    </p>
   </div>
   <div class='ocr_carea' id='block_1_6' title="bbox 289 2531 1793 2586">
    <p class='ocr_par' dir='ltr' id='par_1_8' title="bbox 289 2531 1793 2586">
     <span class='ocr_line' id='line_1_50' title="bbox 289 2531 1793 2586; baseline 0.002 -13"><span class='ocrx_word' id='word_1_465' title='bbox 289 2531 415 2575; x_wconf 73' lang='grc' dir='ltr'><strong><em>αὐτοῦ</em></strong></span> <span class='ocrx_word' id='word_1_466' title='bbox 457 2539 596 2576; x_wconf 83' lang='grc' dir='ltr'><strong><em>παπᾶν</em></strong></span> <span class='ocrx_word' id='word_1_467' title='bbox 639 2536 807 2586; x_wconf 80' lang='grc' dir='ltr'><strong><em>ἐποίησε.</em></strong></span> <span class='ocrx_word' id='word_1_468' title='bbox 874 2537 983 2573; x_wconf 85' lang='lat' dir='ltr'>etiam</span> <span class='ocrx_word' id='word_1_469' title='bbox 1022 2536 1147 2575; x_wconf 86' lang='lat' dir='ltr'>Latini</span> <span class='ocrx_word' id='word_1_470' title='bbox 1198 2539 1267 2576; x_wconf 89' lang='lat' dir='ltr'>hoc</span> <span class='ocrx_word' id='word_1_471' title='bbox 1302 2537 1516 2576; x_wconf 85' lang='lat' dir='ltr'>vocabulum</span> <span class='ocrx_word' id='word_1_472' title='bbox 1555 2539 1623 2576; x_wconf 85' lang='lat' dir='ltr'>hac</span> <span class='ocrx_word' id='word_1_473' title='bbox 1660 2552 1728 2576; x_wconf 87' lang='lat' dir='ltr'>no·</span> <span class='ocrx_word' id='word_1_474' title='bbox 1787 2548 1793 2559; x_wconf 90' lang='lat'><strong><em>¹</em></strong></span> 
     </span>
    </p>
   </div>
   <div class='ocr_carea' id='block_1_7' title="bbox 143 2591 1727 2867">
    <p class='ocr_par' dir='ltr' id='par_1_9' title="bbox 143 2591 1727 2867">
     <span class='ocr_line' id='line_1_51' title="bbox 287 2591 1727 2645; baseline 0.002 -17"><span class='ocrx_word' id='word_1_475' title='bbox 287 2591 389 2628; x_wconf 82' lang='lat' dir='ltr'>tione</span> <span class='ocrx_word' id='word_1_476' title='bbox 417 2597 651 2643; x_wconf 86' lang='lat' dir='ltr'>usurparunt.</span> <span class='ocrx_word' id='word_1_477' title='bbox 706 2591 835 2642; x_wconf 87' lang='lat' dir='ltr'>Lupus</span> <span class='ocrx_word' id='word_1_478' title='bbox 874 2592 1112 2631; x_wconf 85' lang='lat' dir='ltr'>Ferrariensis</span> <span class='ocrx_word' id='word_1_479' title='bbox 1150 2596 1256 2645; x_wconf 84' lang='lat' dir='ltr'>epist.</span> <span class='ocrx_word' id='word_1_480' title='bbox 1286 2595 1357 2635; x_wconf 84' lang='lat'>54:</span> <span class='ocrx_word' id='word_1_481' title='bbox 1400 2609 1469 2633; x_wconf 81' lang='lat' dir='ltr'>non</span> <span class='ocrx_word' id='word_1_482' title='bbox 1497 2607 1579 2644; x_wconf 85' lang='lat' dir='ltr'>ergo</span> <span class='ocrx_word' id='word_1_483' title='bbox 1598 2594 1727 2633; x_wconf 77' lang='lat' dir='ltr'>admit-</span> 
     </span>
     <span class='ocr_line' id='line_1_52' title="bbox 286 2650 1726 2700; baseline 0.002 -16"><span class='ocrx_word' id='word_1_484' title='bbox 286 2650 400 2684; x_wconf 70' lang='lat' dir='ltr'>tantur</span> <span class='ocrx_word' id='word_1_485' title='bbox 435 2662 458 2686; x_wconf 89' lang='lat' dir='ltr'>a</span> <span class='ocrx_word' id='word_1_486' title='bbox 493 2650 588 2686; x_wconf 81' lang='lat' dir='ltr'>vobis</span> <span class='ocrx_word' id='word_1_487' title='bbox 621 2651 819 2695; x_wconf 78' lang='lat' dir='ltr'>monitores,</span> <span class='ocrx_word' id='word_1_488' title='bbox 854 2661 934 2698; x_wconf 79' lang='lat' dir='ltr'>quos</span> <span class='ocrx_word' id='word_1_489' title='bbox 966 2650 1100 2686; x_wconf 76' lang='lat' dir='ltr'>baiulos</span> <span class='ocrx_word' id='word_1_490' title='bbox 1127 2652 1257 2699; x_wconf 78' lang='lat' dir='ltr'>vulgus</span> <span class='ocrx_word' id='word_1_491' title='bbox 1290 2650 1462 2700; x_wconf 81' lang='lat' dir='ltr'>appellat,</span> <span class='ocrx_word' id='word_1_492' title='bbox 1501 2664 1542 2688; x_wconf 83' lang='lat' dir='ltr'>ne</span> <span class='ocrx_word' id='word_1_493' title='bbox 1575 2650 1726 2699; x_wconf 76' lang='lat' dir='ltr'>gloriam</span> 
     </span>
     <span class='ocr_line' id='line_1_53' title="bbox 286 2705 1724 2756; baseline 0.003 -18"><span class='ocrx_word' id='word_1_494' title='bbox 286 2708 433 2741; x_wconf 77' lang='lat' dir='ltr'>vestram</span> <span class='ocrx_word' id='word_1_495' title='bbox 462 2707 551 2741; x_wconf 81' lang='lat' dir='ltr'>inter</span> <span class='ocrx_word' id='word_1_496' title='bbox 582 2717 616 2741; x_wconf 86' lang='lat' dir='ltr'>se</span> <span class='ocrx_word' id='word_1_497' title='bbox 652 2708 723 2756; x_wconf 80' lang='lat' dir='ltr'>ipsi</span> <span class='ocrx_word' id='word_1_498' title='bbox 752 2707 966 2755; x_wconf 79' lang='lat' dir='ltr'>partiantur.</span> <span class='ocrx_word' id='word_1_499' title='bbox 1024 2706 1243 2744; x_wconf 85' lang='lat' dir='ltr'>Hincmarus</span> <span class='ocrx_word' id='word_1_500' title='bbox 1277 2707 1383 2756; x_wconf 85' lang='lat' dir='ltr'>epist.</span> <span class='ocrx_word' id='word_1_501' title='bbox 1417 2709 1443 2746; x_wconf 82' lang='lat'>2</span> <span class='ocrx_word' id='word_1_502' title='bbox 1471 2706 1520 2743; x_wconf 83' lang='lat' dir='ltr'>ad</span> <span class='ocrx_word' id='word_1_503' title='bbox 1553 2705 1724 2742; x_wconf 88' lang='lat' dir='ltr'>Carolum</span> 
     </span>
     <span class='ocr_line' id='line_1_54' title="bbox 284 2758 1723 2812; baseline 0.004 -18"><span class='ocrx_word' id='word_1_504' title='bbox 284 2758 458 2796; x_wconf 85' lang='lat' dir='ltr'>Crassum</span> <span class='ocrx_word' id='word_1_505' title='bbox 479 2761 563 2810; x_wconf 85' lang='lat' dir='ltr'>imp.</span> <span class='ocrx_word' id='word_1_506' title='bbox 586 2773 614 2796; x_wconf 93' lang='lat' dir='ltr'>c.</span> <span class='ocrx_word' id='word_1_507' title='bbox 632 2762 676 2799; x_wconf 83' lang='lat'>2:</span> <span class='ocrx_word' id='word_1_508' title='bbox 707 2764 787 2799; x_wconf 75' lang='lat' dir='ltr'>istis</span> <span class='ocrx_word' id='word_1_509' title='bbox 804 2762 1000 2809; x_wconf 77' lang='lat' dir='ltr'>iuvenibus,</span> <span class='ocrx_word' id='word_1_510' title='bbox 1022 2763 1188 2812; x_wconf 80' lang='lat' dir='ltr'>fidelibus</span> <span class='ocrx_word' id='word_1_511' title='bbox 1202 2764 1298 2812; x_wconf 80' lang='lat' dir='ltr'>filiis</span> <span class='ocrx_word' id='word_1_512' title='bbox 1321 2763 1464 2809; x_wconf 80' lang='lat' dir='ltr'>vestris,</span> <span class='ocrx_word' id='word_1_513' title='bbox 1492 2762 1633 2810; x_wconf 74' lang='lat' dir='ltr'>regibus</span> <span class='ocrx_word' id='word_1_514' title='bbox 1655 2775 1723 2801; x_wconf 84' lang='lat' dir='ltr'>no-</span> 
     </span>
     <span class='ocr_line' id='line_1_55' title="bbox 143 2817 1722 2867; baseline 0.003 -18"><span class='ocrx_word' id='word_1_515' title='bbox 143 2817 169 2849; x_wconf 91' lang='lat' dir='ltr'><strong>P</strong></span> <span class='ocrx_word' id='word_1_516' title='bbox 196 2817 261 2851; x_wconf 83' lang='lat'>193</span> <span class='ocrx_word' id='word_1_517' title='bbox 285 2817 386 2863; x_wconf 80' lang='lat' dir='ltr'>stris,</span> <span class='ocrx_word' id='word_1_518' title='bbox 409 2820 562 2853; x_wconf 78' lang='lat' dir='ltr'>maturos</span> <span class='ocrx_word' id='word_1_519' title='bbox 590 2829 633 2854; x_wconf 85' lang='lat' dir='ltr'>ac</span> <span class='ocrx_word' id='word_1_520' title='bbox 658 2817 842 2867; x_wconf 79' lang='lat' dir='ltr'>prudentes</span> <span class='ocrx_word' id='word_1_521' title='bbox 871 2820 975 2867; x_wconf 80' lang='lat' dir='ltr'>atque</span> <span class='ocrx_word' id='word_1_522' title='bbox 1005 2819 1132 2856; x_wconf 73' lang='lat' dir='ltr'>sobrios</span> <span class='ocrx_word' id='word_1_523' title='bbox 1168 2819 1303 2857; x_wconf 76' lang='lat' dir='ltr'>baiulus</span> <span class='ocrx_word' id='word_1_524' title='bbox 1331 2817 1483 2867; x_wconf 79' lang='lat' dir='ltr'>singulis</span> <span class='ocrx_word' id='word_1_525' title='bbox 1515 2820 1722 2866; x_wconf 71' lang='lat' dir='ltr'>constituite,</span> 
     </span>
    </p>
   </div>
  </div>
 </body>
</html>
