1820 3178
573 158 635 204 ΙΝ
664 157 858 204 comm
886 158 1058 206 GAP.1.
1441 159 1536 206 169

99 270 315 312 roba-'dmm
327 266 547 322 praedicant.
601 269 666 307 hoc
684 271 796 321 ipsum
813 268 920 308 verba
937 281 1026 320 quae
1041 271 1081 308 in
1101 271 1218 308 cinctu
1235 266 1442 307 adhibentur
1458 281 1541 307 con-

252 324 504 376 ‚“aecingere
528 325 729 375 romphaea
748 330 814 363 tua
829 337 942 377 super
960 326 1078 363 femur
1094 329 1221 377 tuum,
1248 325 1515 377 potentissime.
1515 325 1540 346 '’

209 380 258 434 8)
277 381 536 434 ἕπεμανίκιον.
591 380 689 418 idem
715 382 884 420 Simeon:
913 397 962 421 τα
983 381 1210 434 ἐπιμανίκια
1227 383 1378 420 actionis
1397 382 1542 419 diuinae

101 441 219 479 onnia
239 438 416 489 efficientis
444 438 688 487 n'gmsicantia
710 441 810 486 sumt,
845 442 880 476 et
905 436 1020 476 lesum
1047 441 1123 477 suis
1147 438 1305 476 manibus
1326 439 1542 488 sacrificium

101 496 250 547 corporis
277 498 313 533 ct
340 496 523 544 sanguinis
553 495 614 531 eui
630 506 693 545 per
715 506 752 531 se
774 494 956 539 obtulisse,·
991 496 1053 532 cui
1071 497 1275 533 conueniunt
1302 506 1389 543 quae
1407 496 1454 531 iis
1482 495 1546 531 in·-

100 550 245 591 dandis
257 553 470 597 recitantur,
497 549 675 588 “dextera
695 554 781 599 tua,
808 550 978 601 domine,
1003 550 1209 600 glorificata
1232 553 1291 587 est
1306 549 1346 587 in
1370 549 1546 599 virtute,”

100 612 138 646 et
157 607 312 645 “manus
341 610 429 645 tuae
450 606 615 645 feoenmt
640 618 700 644 me
725 609 765 643 et
782 604 1058 656 plasmaverunt
1075 607 1169 645 me.”
1225 608 1310 658 quin
1338 609 1442 644 ctiam
1460 607 1545 644 vin-

99 663 185 702 cula
202 675 366 704 umnam
388 662 598 711 salvatoris,
631 665 670 700 in
694 662 819 713 quibus
845 663 895 701 ad
914 662 1074 702 Pilatum
1100 663 1270 702 deductus
1296 665 1368 711 est,
1399 661 1544 714 quidam

96 732 162 773 per
177 718 405 771 ἐπιμανίπια
423 731 586 770 expressa
601 717 734 757 volunt.

208 774 255 826 9)
272 787 420 822 saccus3
448 775 497 812 de
525 786 599 824 quo
621 774 695 812 iam
717 773 803 812 alibi
824 772 959 824 (supra
981 785 1020 812 n.
1041 775 1066 813 3
1090 777 1131 811 et
1151 772 1432 825 Codin.p.15
1458 771 1547 823 19).

99 831 302 881 quaeoebat
334 830 526 870 Cabasilas
560 829 836 880 Dyrrachiensis
871 841 916 867 ex
953 829 1146 868 Demetrio
1183 829 1456 878 Chomatiano‚
1493 841 1545 867 an

99 889 158 926 fas
184 891 284 926 esset
309 899 537 940 purpureum
563 899 710 925 saccum
743 887 865 925 facere
900 889 939 922 et
970 890 1132 936 gestare.
1187 885 1382 938 respondit
1409 883 1547 923 Deme-
1563 883 1594 919 P
1617 883 1685 921 184

83 944 214 994 ‚triusz
242 955 379 982 tacciam
390 955 601 996 purpureum
613 955 833 1009 nequaquam
849 943 946 979 novit
964 943 1136 991 ecclesia,
1167 941 1442 994 quandoquidem
1468 955 1550 981 sac-

101 1011 165 1038 cus
197 1001 239 1038 in
275 1000 388 1038 &ibus
419 999 596 1038 duntaxat
630 1001 719 1037 anni
748 998 935 1037 celebribus
971 998 1154 1037 dominicis
1173 998 1284 1049 festis
1316 1010 1419 1035 suum
1444 1011 1548 1038 usum

97 1056 261 1107 praebet,
285 1058 449 1094 vtina'rznm
478 1068 605 1105 magno
622 1055 802 1106 paschatis
826 1047 1016 1102 dominico,
1041 1059 1233 1106 pentecoste
1249 1058 1282 1092 et
1302 1054 1421 1092 natali
1436 1054 1551 1092 Chri-

101 1115 164 1151 sti.
215 1113 278 1150 hoc
298 1114 413 1162 igitur
431 1114 522 1150 satis
540 1112 679 1163 plenam
693 1110 802 1163 fidem
820 1111 940 1162 facit,
969 1124 1093 1149 saccus
1120 1115 1162 1149 ut
1187 1113 1236 1149 sit
1261 1123 1456 1161 purpureus
1487 1123 1553 1149 ne-

102 1180 193 1206 cesse
217 1181 288 1206 non
306 1181 398 1216 esse,
424 1181 502 1206 cum
527 1171 633 1206 etiam
651 1171 723 1205 sint
747 1167 863 1206 luctus
884 1168 1020 1216 insigne
1035 1179 1217 1218 purpurea
1231 1166 1428 1204 huiusmodi
1442 1168 1553 1205 vesti-

103 1228 240 1263 macta:
274 1225 312 1261 in
340 1223 424 1262 solis
451 1226 540 1262 enim
566 1226 691 1262 ieiunii
709 1223 829 1261 diebus
856 1226 888 1261 et
914 1227 1126 1261 mortuorum
1153 1224 1321 1260 memoriis
1341 1227 1552 1273 usurpatur.

215 1278 330 1317 Mitra
348 1292 415 1317 seu
436 1280 551 1317 infula
574 1292 651 1317 non
680 1283 837 1317 utuntur
862 1279 1025 1331 episcopi
1047 1279 1182 1316 Graeci
1201 1279 1240 1316 in
1259 1276 1455 1328 sacrificio,
1482 1277 1554 1317 sed

105 1340 237 1387 aperto
260 1335 382 1387 capite
403 1340 521 1374 totam
547 1336 735 1386 liturgiam
759 1336 961 1386 perficiunt.
1023 1338 1141 1387 aperto
1162 1337 1302 1386 capite,
1341 1335 1463 1384 inquit
1491 1335 1556 1372 Si-

104 1405 236 1442 meon,
263 1394 412 1444 episcopi
433 1396 466 1431 et
491 1392 684 1431 sacerdotes
717 1392 872 1429 Orientis
894 1404 1023 1439 omnes,
1060 1396 1200 1441 excepto
1219 1391 1459 1429 Alexandrino
1482 1404 1557 1442 pa-

105 1449 284 1495 triarcha,
311 1451 423 1486 sacris
432 1448 636 1499 ficnguntur
648 1477 659 1496 ,
687 1461 754 1485 non
775 1448 814 1485 ob
837 1448 1067 1485 humilitatem
1091 1447 1268 1496 aliquam,
1303 1446 1362 1484 sed
1393 1448 1433 1484 ob
1463 1460 1557 1485 cau-

107 1517 183 1543 sam
210 1504 366 1542 altiorem
385 1508 419 1542 et
439 1505 540 1554 longe
561 1504 763 1541 diviniorem
787 1503 969 1550 videlicet,
999 1515 1104 1553 quam
1127 1502 1268 1540 divinus
1291 1502 1431 1540 Paulus
1452 1504 1559 1553 ponit

106 1573 151 1599 ac
171 1559 288 1608 docet,
326 1559 500 1598 Christum
528 1563 635 1610 caput
664 1562 871 1606 nominans,
912 1572 974 1596 nos
1011 1561 1127 1595 autem
1171 1558 1323 1596 membra
1349 1559 1484 1609 ipsius,
1522 1561 1560 1596 ct

107 1619 260 1668 oportere
291 1629 354 1654 nos
388 1615 563 1653 Christum
593 1618 700 1666 caput
730 1618 884 1652 nostrum
916 1614 1117 1651 honorantes
1144 1617 1252 1664 caput
1271 1616 1362 1652 inter
1387 1614 1559 1653 orandum

107 1671 280 1710 nudatum
307 1671 441 1709 habere.
495 1683 558 1709 nec
595 1671 634 1708 ob
663 1671 726 1707 hoc
759 1674 918 1717 tantum,
957 1669 1019 1707 sed
1048 1671 1133 1720 quia
1162 1671 1267 1707 etiam
1303 1669 1397 1707 nudo
1429 1672 1558 1721 capite,

109 1731 174 1778 qui
196 1731 434 1773 consecratur,
459 1728 744 1764 'consecrationem
770 1728 914 1777 accipit.
970 1729 1074 1776 atque
1094 1727 1149 1763 ita
1181 1726 1463 1776 quemadmodum
1476 1739 1558 1765 cum

109 1784 312 1832 ordinatur,
340 1784 499 1835 precibus
519 1787 552 1821 et
583 1784 693 1831 sacris
723 1784 860 1832 operari
890 1781 997 1819 debet.
1053 1785 1086 1819 et
1113 1781 1296 1819 hierarcha
1322 1785 1556 1832 potissimum,

111 1841 270 1891 quoniam
301 1842 335 1877 et
354 1839 437 1877 dum
460 1843 699 1886 consecratur,
735 1850 758 1875 a
781 1838 842 1876 deo
865 1837 1001 1875 tradita
1020 1836 1159 1888 eloquia
1180 1840 1254 1876 sive
1280 1850 1418 1876 sacrum
1445 1851 1557 1876 evan-

110 1896 238 1946 gelium
271 1907 379 1946 supra
415 1898 520 1946 caput
547 1895 671 1942 habet,
706 1895 747 1931 in
777 1895 952 1946 sacrificio
975 1893 1191 1931 divinissimo
1211 1894 1412 1945 peragendo
1441 1894 1561 1932 velato

112 1953 226 2003 capite
247 1953 399 2003 conspici
428 1965 498 1989 non
524 1950 630 1990 debet.
686 1950 830 1989 obiiciat
851 1950 1008 2002 fortasse
1027 1952 1197 2001 quispiane
1218 1951 1300 1988 hinc
1326 1952 1441 2001 sequi,
1476 1949 1563 1988 Ale-

110 2007 324 2046 xandrinum
345 2009 535 2059 episcopum
567 2010 601 2045 et
631 2006 722 2045 alios
754 2007 1021 2058 quamplurimos
1052 2019 1096 2044 ex
1124 2008 1233 2044 veteri
1257 2007 1448 2045 traditione
1472 2010 1564 2045 tecto

114 2065 228 2114 capite
243 2065 355 2101 sacris
377 2067 553 2114 operantes
572 2076 639 2101 non
661 2064 729 2100 rite
751 2076 795 2101 ac
813 2067 932 2100 sancte
946 2061 1078 2113 facere.
1132 2064 1226 2100 istuc
1246 2075 1316 2101 non
1334 2063 1422 2101 dico.
1478 2075 1562 2100 nam

114 2119 173 2157 illi
188 2121 337 2170 antiqua
351 2121 430 2157 nixi
446 2119 652 2165 traditione,
682 2131 770 2168 quae
785 2121 901 2168 magis
919 2119 994 2168 legi
1011 2120 1177 2168 antiquae
1197 2119 1397 2170 respondet,
1425 2121 1480 2156 ita
1490 2118 1562 2170 fa·-

115 2177 234 2223 ciunt,
264 2174 402 2224 quando
417 2179 451 2212 et
469 2176 558 2224 legis
577 2174 735 2212 sacerdos
765 2175 932 2223 cidarim,
962 2187 1066 2225 quam
1089 2178 1122 2212 et
1141 2176 1281 2213 mitram
1299 2175 1492 2220 vocabant,
1520 2176 1563 2211 in

117 2232 229 2281 capite
252 2230 414 2279 gerebat‚·
448 2243 514 2280 quo
544 2230 654 2268 eodem
680 2233 812 2269 nomine
852 2231 1052 2269 hierarchae
1088 2243 1146 2268 eas
1177 2235 1355 2280 gestantes
1385 2230 1563 2281 appellare

118 2289 373 2323 consueverunt.
428 2298 472 2323 ac
490 2287 578 2337 fieri
602 2289 715 2336 potest
746 2291 787 2324 ut
813 2299 851 2324 eo
876 2289 1002 2337 capitis
1022 2290 1218 2335 tegumento
1242 2291 1306 2324 aut
1323 2288 1476 2336 spineam
1498 2284 1563 2322 do-

90 2360 94 2364 ·
119 2343 206 2379 mini
229 2351 385 2379 coronam
409 2345 474 2380 aut
506 2341 709 2389 sudarium,
750 2342 839 2392 quod
857 2341 935 2392 fuit
962 2355 1063 2393 super
1089 2346 1195 2392 caput
1220 2344 1316 2389 eius,
1354 2343 1393 2378 in
1420 2344 1564 2378 mentem

119 2398 216 2435 nobis
237 2400 403 2435 revocent.
459 2397 549 2434 haec
573 2397 643 2434 ille.
698 2397 730 2434 si
754 2398 886 2436 Graeci
913 2411 988 2436 non
1007 2402 1199 2448 parcerent
1218 2411 1285 2435 suo
1301 2396 1566 2444 Alexandrino,

121 2452 248 2503 procul
273 2452 405 2501 dubio,
434 2457 478 2490 ut
499 2453 569 2490 alia
595 2452 711 2492 multa
736 2455 959 2505 adiaphora,
997 2454 1050 2491 sic
1080 2458 1119 2491 et
1151 2466 1289 2491 morem
1321 2453 1433 2488 istum
1464 2454 1566 2488 tecto

122 2509 243 2559 capite
275 2508 403 2546 litandi
440 2509 602 2558 praecise
635 2521 679 2546 ac
721 2510 932 2561 simpliciter
973 2510 1212 2561 repudiarent
1255 2509 1568 2555 damnarentque:

123 2564 213 2602 illud
239 2565 335 2602 enim
361 2563 566 2602 schismatis
591 2564 777 2615 ingenium
798 2570 877 2615 est,
900 2570 944 2603 ut
961 2569 1108 2616 praeter
1140 2564 1178 2600 id
1208 2564 1308 2611 qnod
1336 2562 1405 2599 sibi
1431 2562 1568 2612 placet,

125 2619 185 2657 vix
212 2620 407 2670 quicquam
431 2620 530 2658 aliud
556 2620 710 2670 placeat.
764 2627 916 2660 vocatur
936 2622 1054 2659 infula
1074 2618 1251 2670 praesulis
1279 2617 1515 2656 Alexandrini
1545 2631 1569 2656 a

126 2676 363 2725 scriptoribus
387 2675 598 2726 phrygium,
636 2677 735 2724 quod
764 2678 803 2715 S.
831 2678 970 2727 cyrillo
998 2687 1210 2714 concessmn
1233 2675 1324 2723 fuit,
1352 2675 1502 2723 quando
1530 2674 1570 2710 in

129 2731 279 2768 concilio
314 2731 502 2782 Ephesino
539 2732 740 2770 Coelestini
768 2746 888 2784 papae
924 2732 1082 2770 Romani
1111 2730 1266 2768 vicarius
1294 2735 1384 2768 erat.
1440 2743 1464 2767 a
1493 2730 1571 2779 C)-

129 2785 208 2824 rillo
235 2787 282 2826 ad
309 2799 536 2825 successores
566 2800 712 2837 quoqne
735 2789 924 2841 phrygium
962 2801 1027 2826 sen
1063 2787 1172 2825 mitra
1208 2786 1326 2833 venit3
1364 2786 1572 2824 dicebatur-
