1820 3178
278 255 372 303 180
475 240 751 293 GRETSERI
772 237 846 281 ET
870 229 1046 278 GOARI
1065 213 1509 271 COMMENTARIUS

365 373 400 408 p.
426 361 448 396 9
470 369 505 394 v.
531 356 565 392 5.
611 352 791 388 stratorum
822 345 897 379 erat
928 348 1047 385 equum
1074 336 1171 370 freno
1201 333 1318 365 tenere
1339 328 1376 362 et
1398 316 1634 359 conscendenti
1652 324 1723 350 ma·

279 407 435 456 gistratui
467 413 566 450 opem
598 400 700 433 ferre.
747 390 951 437 Spartianus
982 384 1017 418 in
1050 378 1243 416 Garamum
1283 384 1359 408 cum
1395 371 1496 405 illum
1529 365 1570 400 in
1600 370 1724 406 equum

279 460 407 492 strator
430 452 501 487 eius
525 449 667 483 levaret.
713 438 839 474 Paulus
861 434 1030 469 Diaconus
1055 427 1097 462 de
1112 424 1217 470 gestis
1234 415 1467 464 Langobard.=
1491 421 1594 457 equas
1605 416 1729 454 quam·-

280 502 335 537 vis
361 500 440 534 hinc
462 495 544 530 inde
568 503 591 526 a
613 485 835 526 stratoribus,
858 476 1053 515 verberibus
1075 482 1210 513 caesus,
1233 478 1301 501 mm
1323 461 1461 510 poterat
1483 454 1624 492 elevari.
1669 448 1730 485 ἴπ-

281 542 468 589 ποκόμους
493 550 552 574 eos
574 536 690 571 dixere
711 534 848 566 veteres
872 521 1017 559 Graeciz
1053 513 1170 556 εὗθῦς
1201 506 1268 548 οὖν
1300 503 1544 549 καλεσάμενος
1563 494 1649 538 τοὺς
1669 493 1731 530 ἴπ-

284 589 471 634 ποκόμους
492 583 554 620 καὶ
575 581 643 616 τοῦ
666 579 784 613 ἵππου
819 567 950 617 ἐπιβὰς
984 566 1050 610 τῆς
1070 559 1164 606 πρὸς
1192 555 1280 598 τοὺς
1309 545 1528 598 Κομνηνοῦς
1554 539 1734 591 φερούσης

284 636 437 680 πορείας
480 627 618 676 ἥψατο.
662 619 872 668 στράτωρας
917 611 1133 650 recentiores.
1178 602 1424 648 Theophanes:
1457 589 1548 640 μετὰ
1584 588 1734 625 σπαθα-

289 683 378 728 ρι’ων
398 677 460 714 καὶ
480 670 698 718 στρατώρων
719 667 828 703 τινῶν
857 659 922 697 καὶ
955 654 1087 702 ἑτέρων
1119 650 1313 700 βασιλικῶν
1345 639 1578 685 ἀνθρώπων.
1623 642 1737 669 eorum

289 729 418 776 primus
447 714 750 766 πρωτοστράτωρ.
775 709 948 745 cedrenus
974 704 1011 739 iu
1049 696 1261 744 Theophiloz
1299 685 1450 736 Μιχαὴλ
1486 672 1736 725 ἴπποκόμωνό

290 773 434 817 πρῶτος
456 766 666 813 γενόμενος·
701 750 1016 804 πρωτοστράτωρα
1037 746 1171 782 τοῦτον
1193 737 1293 786 φασί.
1340 735 1456 771 eadem
1486 731 1560 767 fere
1582 727 1737 779 cummi?

290 821 362 854 lata
399 814 496 871 apud?
527 808 724 864 Meufsium.
785 799 1012 854 Theophanes
1050 793 1086 827 in
1115 786 1286 825 Michaele
1316 776 1497 838 Tbeophili
1529 773 1618 829 {ilica
1659 779 1740 807 τοις

298 999 418 1036 chaele
441 993 623 1034 Rancabe,
648 987 789 1033 κόμητα
808 983 874 1018 τοῦ
897 978 1141 1014 ἴπποστασιου
1162 972 1195 1004 in
1218 969 1336 1003 isauro
1359 963 1487 996 Leone.
1533 949 1747 999 ὃομέστικον

299 1055 436 1092 quoque
472 1042 545 1076 τῶν
580 1032 797 1080 στρατώρων
829 1027 916 1063 dixit
946 1025 983 1058 in
1017 1018 1196 1055 Iustiniano
1226 1014 1248 1047 2
1279 1007 1528 1052 Theophanes:
1559 998 1748 1041 ibidemque

299 1084 620 1136 πρωτοστροὶτωρα
640 1081 708 1116 τοῦ
732 1074 879 1121 ὄψικίου
905 1070 1083 1104 memorat,
1121 1062 1221 1097 alium
1244 1062 1355 1091 tamen
1379 1063 1401 1086 a
1424 1049 1538 1093 regio,
1571 1044 1750 1080 comitatus

302 1146 422 1180 nempe
459 1129 607 1177 ὀψικίου
643 1124 775 1164 vocati,
812 1122 995 1155 stratorum
1031 1110 1182 1156 primum.
1242 1109 1396 1145 magnum
1445 1103 1582 1140 quoque
1618 1086 1752 1133 scripsit

303 1183 498 1218 Phranzes;
520 1180 557 1210 at
580 1172 637 1208 ubi
660 1166 879 1205 decrescebat
899 1158 1086 1205 imperium.
1133 1152 1221 1186 acies
1249 1145 1524 1194 protostratorem
1547 1135 1681 1182 saepius
1701 1132 1754 1166 le-

305 1228 414 1272 gimus
444 1222 577 1257 duxisse
610 1217 696 1263 apud
732 1213 922 1247 Cedrenum
953 1205 1121 1239 Zonaram
1159 1198 1350 1238 Gregoram
1381 1193 1419 1224 et
1441 1186 1538 1221 alios.
1583 1176 1756 1224 senemr-ia

307 1271 469 1316 dignitate
494 1265 653 1301 claruisse
674 1261 831 1295 discimus
856 1265 899 1288 ex
924 1252 1152 1286 Cantacuzem
1177 1244 1195 1277 1
1222 1239 1282 1275 15:
1307 1231 1402 1278 πρὸς
1423 1229 1560 1275 θύραις
1580 1227 1662 1266 ταῖς
1676 1226 1758 1262 σαῖς

308 1312 527 1362 ἐφεστήκασι
558 1311 632 1346 τῶν
662 1307 727 1352 τῆς
752 1297 953 1348 συγκλήτου
985 1289 1091 1332 τινές.
1137 1288 1187 1323 illi
1224 1281 1426 1320 domesticus
1464 1281 1500 1312 et
1536 1272 1759 1321 protostrator

425 1423 463 1460 p.
483 1408 508 1447 9
526 1418 560 1442 v.
581 1406 619 1445 6.
669 1398 832 1448 Magnus
878 1380 1200 1438 stratopedarcha]
1238 1377 1420 1414 Graecum
1455 1378 1591 1407 nomen
1624 1366 1664 1402 et
1703 1359 1763 1398 hic

314 1472 354 1506 et
382 1464 469 1504 alibi
494 1461 650 1498 libenter
678 1455 819 1493 retineo
832 1478 844 1500 ‚
882 1447 969 1498 quia
993 1444 1053 1481 vix
1081 1437 1289 1491 suppetunt
1321 1429 1480 1478 Latina,
1509 1434 1606 1474 quae
1636 1417 1764 1458 talium

315 1534 448 1562 vocum
464 1519 537 1557 vim
551 1515 641 1554 satis
662 1509 879 1562 exprimant.

328 1767 440 1813 getius
461 1764 507 1799 22
527 1763 571 1803 9,
602 1756 808 1793 auctoritate
829 1748 996 1797 praefecti
1019 1745 1181 1780 exaratus
1204 1749 1227 1771 a
1250 1735 1386 1770 tribuno
1409 1730 1598 1773 deputatur
1619 1722 1668 1757 ad
1689 1730 1774 1766 poe-

330 1824 424 1847 ·nam.
471 1818 573 1843 arma
606 1804 775 1842 militum,
807 1802 934 1836 vestes,
964 1792 1062 1837 equi,
1093 1794 1230 1821 annona
1260 1781 1307 1815 acl
1338 1787 1456 1811 curam
1487 1773 1559 1806 eius
1585 1768 1775 1814 pertinent.

332 1855 534 1902 disciplinae
557 1853 612 1886 ius
633 1854 664 1884 et
687 1845 851 1881 severitas
874 1841 1054 1879 exercitus,
1076 1844 1146 1867 non
1168 1830 1274 1864 solum
1297 1823 1448 1870 peditum
1470 1818 1528 1853 sed
1550 1816 1656 1851 etiam
1681 1810 1778 1856 equi·

332 1909 408 1939 tum
431 1898 717 1945 legionariorum,
739 1892 920 1937 praecepto
944 1886 1015 1919 eius
1036 1877 1186 1926 quotzdte
1208 1876 1370 1907 curatum
1393 1868 1466 1911 ipse
1489 1867 1602 1897 autem
1617 1862 1727 1893 custos
1743 1859 1776 1889 et

334 1948 489 1991 diligens
521 1948 554 1977 et
584 1940 716 1975 sobrius
753 1936 922 1980 legionem
952 1929 1016 1964 sibi
1048 1924 1213 1961 creditam
1235 1915 1383 1952 assiduis
1403 1909 1558 1955 operibus
1580 1906 1627 1939 ad
1649 1912 1777 1938 omnem

335 1991 550 2028 devotionem
571 1986 739 2029 reformat
763 1986 795 2014 et
810 1976 1037 2012 industriam,
1065 1970 1172 2003 sciens
1195 1965 1242 1998 ad
1266 1958 1434 2004 praefecti
1456 1953 1593 1987 laudem
1613 1949 1780 1984 subiecto-

325 2048 417 2082 &rum
439 2033 632 2068 redundare
653 2029 827 2062 virtutem.
875 2010 1196 2062 στρατοπεδάρχην
1227 2015 1310 2039 vero
1341 2001 1511 2035 tribunum
1534 2006 1609 2030 esse
1630 1993 1782 2027 declarat

337 2080 566 2125 Theophanes
587 2076 622 2109 in
644 2072 800 2110 Ioviano,
830 2076 930 2110 quem
954 2061 1091 2096 eundem
1113 2052 1330 2098 τριβοῦνον,
1358 2044 1479 2080 deinde
1510 2035 1783 2084 στρατοπεδάρ-

339 2139 428 2177 χην,
452 2134 527 2158 mox
551 2119 736 2166 χιλίαρχον
765 2111 923 2158 appellat.
968 2105 1086 2140 ultima
1109 2109 1242 2145 quoque
1264 2105 1350 2128 voce
1373 2092 1436 2124 hoc
1459 2087 1605 2122 officium
1628 2084 1701 2118 eius
1723 2093 1784 2116 ex-

339 2173 443 2219 plicat
466 2168 659 2205 Cedrenus;
702 2171 799 2206 quem
822 2153 1074 2190 domesticorum
1098 2144 1303 2192 praefectum
1330 2134 1565 2174 Marcellinus,
1604 2127 1785 2164 eorundem

342 2214 565 2264 primicerium
587 2207 704 2244 scribit
727 2205 953 2246 Hieronymus
976 2197 1009 2230 in
1034 2190 1213 2228 Chronico.
1257 2178 1578 2229 στρατοπεδάρχην
1601 2178 1788 2209 castrorum

344 2272 458 2298 curam
482 2258 627 2304 gessisse
650 2265 692 2287 ex
717 2249 847 2285 nomine
871 2245 1022 2279 scribunt
1044 2238 1117 2280 alii,
1140 2235 1260 2280 quibus
1283 2227 1468 2267 assentior3
1493 2224 1527 2258 id
1549 2221 1637 2256 enim
1655 2228 1789 2265 quoque

345 2306 492 2343 muneris
514 2299 695 2350 praestitit.
740 2292 972 2329 auctoritatem
999 2290 1034 2320 et
1056 2284 1123 2318 alia
1146 2280 1188 2314 ad
1213 2280 1313 2323 caput
1334 2273 1484 2319 quintum
1501 2269 1680 2314 proferam.
1714 2263 1791 2297 Eu-

347 2351 528 2392 mathium,
560 2351 598 2381 ut
632 2345 782 2388 Cyprum
814 2338 1043 2382 recuperatam
1074 2330 1244 2362 tueretur,
1276 2316 1581 2363 stratopedarcham
1604 2312 1647 2346 ab
1671 2307 1791 2344 Alexio

352 2402 500 2433 creatum
524 2394 632 2428 refert
654 2392 748 2423 Anna
770 2384 840 2418 filia
864 2383 886 2416 l.
911 2382 950 2415 8:
983 2379 1062 2411 δεῖν
1087 2372 1176 2418 ἔγνω
1196 2364 1343 2410 Ἀλέξιος
1360 2360 1406 2398 τοὶ
1429 2357 1522 2397 κατὰ
1544 2357 1613 2393 τ“ν
1635 2353 1794 2397 Κύπρον

351 2439 648 2487 ἀσφαλίσασθαι,
680 2431 741 2467 καὶ
771 2426 837 2464 τὸν
869 2422 1073 2465 Φιλοκάλην
1100 2413 1297 2462 Εὐμάθιον
1320 2408 1388 2454 τὴν
1410 2405 1545 2449 ταύτης
1565 2400 1795 2444 αναθέμενος

353 2483 525 2533 φρουρὰν
548 2474 866 2524 στρατοπεδάρχην
888 2465 1181 2512 προεχειρίσατο,
1214 2459 1305 2497 ναῦς
1326 2448 1520 2497 πολεμικὰς
1541 2442 1708 2485 δεδωκὼς
1724 2439 1795 2478 αὐ-

354 2535 410 2578 τῷ
430 2530 493 2567 καὶ
515 2526 695 2567 ἷππότας,
732 2518 793 2565 ἐφ’
829 2511 857 2565 ᾦ
890 2513 936 2550 τὰ
966 2509 1059 2547 κατὰ
1092 2506 1160 2553 τὴν
1189 2502 1340 2547 Κύπρον
1374 2496 1436 2533 dmi
1461 2508 1498 2530 τε
1522 2490 1711 2535 θαλάσσης
1732 2485 1797 2522 καὶ

355 2577 512 2624 ἠπείρου
548 2569 826 2616 ἄσφαλίζεσθαι.
873 2560 1021 2606 explicat
1043 2555 1232 2599 Logotheta
1254 2539 1576 2592 στρατοπεδάρχην
1594 2548 1680 2572 voce
1703 2534 1797 2569 Tur-

357 2625 431 2659 cica
452 2623 515 2656 iam
539 2616 682 2654 Graecis
705 2612 785 2647 satis
808 2605 958 2645 familiari
981 2599 1226 2644 πελάρπακινι
1268 2588 1491 2628 Leunclavius
1531 2583 1718 2627 Peclarpax
1752 2577 1800 2612 ait

359 2681 434 2703 esse
458 2665 684 2710 Begler-beg‚
708 2667 806 2703 quem
828 2651 962 2698 exponit
984 2652 1197 2692 praetorem,
1220 2638 1433 2684 praesidem,
1468 2635 1504 2666 et
1525 2629 1656 2663 tandem
1680 2634 1800 2668 supre-

360 2725 452 2749 mum
476 2716 661 2746 castrorum
683 2703 893 2751 principem3
926 2695 1084 2737 additque
1114 2699 1233 2724 vocem
1263 2685 1432 2718 Graecam
1464 2668 1800 2717 στρατοπεδάρχην.

362 2768 516 2802 magnum
534 2757 620 2789 hunc
638 2745 943 2793 stratopedarcham
965 2743 1125 2784 quattuor
1146 2730 1326 2768 minoribus
1348 2721 1535 2772 praefuisse
1555 2717 1671 2752 scribit
1684 2715 1804 2749 Meur-

364 2805 452 2840 sius:
477 2807 514 2836 at
535 2812 600 2834 non
623 2806 762 2842 magnus
780 2799 909 2836 semper
931 2786 989 2831 qui
1011 2783 1080 2818 aliis
1103 2782 1259 2826 praeest,
1280 2773 1340 2808 sed
1363 2769 1420 2816 qui
1443 2764 1554 2801 officio
1578 2764 1744 2808 praestat.

477 2884 513 2922 p.
537 2873 562 2911 9
582 2882 616 2906 v.
636 2869 673 2908 7.
720 2863 879 2914 Magnus
898 2850 1134 2911 piimicerius]
1163 2850 1210 2887 de
1230 2839 1439 2900 primiceriis
1459 2837 1532 2875 iam
1549 2834 1609 2885 egi
1633 2832 1702 2872 1.1
1721 2842 1751 2867 c.
1772 2829 1810 2869 2.
