1820 3178
527 163 590 208 IN
625 163 819 208 comm
858 162 971 208 GAP.
1010 161 1045 206 1.
1432 161 1526 208 155

79 289 163 328 res,
202 276 258 316 itu
298 278 339 314 et
379 271 645 326 chartophylax
697 272 843 312 videtur
882 271 1057 312 habuisse
1101 268 1344 323 primicerium
1384 269 1528 311 tabula-

78 334 225 373 riorum.

170 406 207 443 p.
226 394 251 431 6
273 404 310 430 v.
331 393 369 429 8.
402 392 511 438 Regia
517 391 683 447 superine
706 390 872 437 producta
893 391 984 426 inter
1003 390 1115 426 officia
1133 393 1312 425 recensent
1334 387 1530 436 πριμμική·

85 452 176 522 (ιιιιιίνι
189 451 264 521 «εἴ
282 437 557 484 πατριαρχιιιῶν
577 438 771 484 νοταρίων.
818 436 970 473 notarius
984 447 1068 472 vero
1085 440 1122 471 et
1143 436 1330 472 nbulnrim
1353 447 1456 472 sensu
1471 448 1531 472 co-

86 498 154 523 ma
175 497 222 521 ιιιι

190 541 309 580 Ροιτο
333 541 382 580 de
404 553 495 580 voce
523 540 736 592 primicerii,
765 540 1021 590 secundicerii,
1055 539 1275 590 tertiocerii‚
1313 540 1532 590 quartocerii

80 599 166 639 vide
186 598 375 636 Cuiacium
400 598 451 635 ad
471 597 529 635 tit.
556 599 584 635 7
610 597 755 638 lib.12
784 598 866 636 cod.
894 596 1130 646 Iustinianei,
1159 599 1199 633 et
1234 595 1503 647 Onuphrium
1492 609 1533 634 ιιι

81 654 249 707 explicat.
276 667 407 693 vocum
428 653 663 692 obscurarum
685 653 1033 702 ecclesiasticarum,
1061 655 1100 690 et
1130 650 1283 690 Petrum
1306 653 1531 720 Gregorium

82 713 277 762 Syntagm.
298 711 350 753 15
367 713 443 760 22,
471 709 533 759 qui
552 709 605 747 ait
626 710 964 760 pronuntiationem
993 708 1150 746 nominis
1163 710 1360 759 primicerii
1383 709 1531 758 exigere

82 767 324 807 adiectionem
339 777 385 804 ex
407 765 584 804 relatione
599 765 749 803 alicuius
760 792 773 815 ‚
800 765 858 804 vel
882 770 982 804 certe
999 763 1188 815 postulare
1220 769 1264 802 ut
1280 764 1533 814 subintelliga-

83 829 156 862 tur.
185 823 287 874 quod
302 822 335 860 si
353 834 479 860 verum
502 825 574 872 est,
589 826 668 860 tum
684 834 834 860 necesse
849 822 920 860 erit
935 821 987 874 ut}
998 833 1079 859 cum
1098 820 1195 857 inter
1212 819 1394 871 palatinas
1411 820 1534 871 digni-

85 883 183 918 tates
220 877 244 922 6
276 877 396 931 μέγας
426 874 706 931 πριμμικήριος
737 878 968 929 nominatur,
1006 876 1166 926 dignitas
1198 876 1321 925 aliqua
1349 876 1531 914 subintel-

83 935 242 986 ligatur,
270 935 357 983 quia
375 934 597 984 primicerius
613 946 748 972 nomen
764 934 835 972 hoc
853 934 966 972 habet
991 936 1163 983 respectu
1194 933 1344 970 alicuius
1374 933 1533 970 functio-

68 992 145 1031 ssnis
165 1003 231 1029 seu
253 989 452 1029 ministerii.
482 990 567 1028 hinc
582 992 803 1041 primicerius
826 990 1011 1039 lectorum,
1033 991 1254 1041 primicerius
1273 989 1390 1037 aulae,
1405 990 1532 1039 primi-

85 1050 200 1086 cer-ius
219 1050 471 1099 protectorum,
503 1048 720 1098 primicerius
751 1046 1021 1084 domesticorum.
1065 1048 1187 1083 exstat
1213 1045 1252 1082 in
1280 1043 1534 1082 Decretalibus

86 1103 217 1142 titulus
239 1102 286 1140 de
303 1103 518 1154 primicerio..
543 1102 607 1140 ubi
634 1101 724 1140 nihil
748 1103 933 1149 adiicitur3
961 1113 1083 1151 neque
1112 1101 1223 1139 etiam
1251 1102 1342 1138 satis
1373 1104 1531 1150 apparet

90 1159 182 1208 quid
200 1161 267 1196 aut
281 1158 524 1196 adiiciendum
539 1162 606 1196 aut
621 1158 913 1197 subaudiendum
939 1158 1010 1207 sit,
1038 1157 1108 1195 nisi
1129 1157 1210 1206 quis
1236 1157 1336 1195 dicat
1357 1155 1518 1194 subintel

89 1215 155 1266 ligi
171 1227 299 1253 vocem
318 1218 508 1253 cantorum.
536 1215 584 1253 de
611 1227 686 1264 quo
708 1215 792 1252 vide
816 1213 967 1252 Petrum
991 1213 1212 1264 Gregorium
1237 1212 1262 1252 1.
1286 1226 1317 1251 c.
1347 1212 1432 1251 hinc
1453 1214 1536 1265 pri-

93 1272 294 1311 m‘oa-iatus
313 1271 474 1320 dignitas
491 1274 531 1308 et
548 1270 707 1309 officium
722 1271 924 1322 primicerii.

201 1326 314 1372 Quod
334 1327 383 1365 ad
405 1327 527 1377 ipsum
554 1326 771 1365 vocabulum
795 1327 953 1376 atfinet,
979 1337 1055 1363 non
1074 1324 1360 1375 improbabiliter
1381 1324 1538 1362 arbitia-

92 1386 155 1422 tur
178 1383 349 1421 Cuiacius
370 1382 462 1421 illud
487 1385 599 1421 cerias
620 1396 702 1421 esse
727 1387 874 1421 tantum
902 1381 1181 1433 productionem
1213 1382 1336 1431 verbi,
1362 1382 1442 1418 sine
1465 1380 1540 1419 ulla

91 1451 211 1477 novae
233 1438 506 1490 significationis
534 1439 745 1486 additione;
770 1443 814 1477 ut
842 1439 997 1491 proinde
1019 1439 1236 1488 primicerius
1272 1438 1370 1475 idem
1395 1437 1446 1474 sit
1477 1437 1541 1485 qui

93 1494 253 1545 primus,
280 1495 531 1533 secundicerius
556 1496 654 1533 idem
679 1495 742 1544 qui
767 1495 971 1544 secundus,
1000 1494 1095 1530 sicut
1126 1497 1165 1530 et
1193 1494 1294 1544 apud
1319 1492 1541 1530 recentiores

92 1549 256 1589 Graecos
272 1546 537 1597 παιδόπουλος
551 1551 650 1589 idem
662 1555 720 1588 est
739 1551 840 1598 quod
856 1554 961 1599 παῖς,
985 1543 1293 1600 Φραγκόπουλος
1316 1549 1414 1585 idem
1433 1548 1536 1611 quod

93 1605 276 1651 Frmcus3
301 1607 355 1644 ita
381 1611 423 1644 ut
446 1606 537 1643 illud
565 1609 714 1653 πουλος
736 1607 786 1643 sit
812 1617 1000 1656 paragoge
1022 1604 1163 1652 absque
1197 1604 1274 1641 ulla
1297 1616 1394 1641 nova
1424 1603 1541 1652 signi-

91 1662 271 1700 fimfione.
293 1662 353 1699 alii
372 1666 495 1700 tamen
518 1674 651 1700 nomen
667 1662 739 1699 hoc
759 1674 782 1699 a
807 1663 922 1713 primo
948 1665 987 1697 et
1011 1673 1091 1697 cera
1117 1659 1321 1697 derivatum
1355 1659 1541 1711 composi-

93 1722 248 1768 tumque
263 1716 411 1768 volunt,
440 1717 572 1767 quibus
596 1718 658 1767 qui
675 1716 796 1766 volet,
824 1729 889 1767 per
903 1728 963 1754 me
983 1715 1189 1753 subscribat
1204 1715 1301 1754 licet.

210 1786 250 1826 p,
265 1775 302 1814 6.
317 1786 351 1812 v.
371 1776 408 1816 8.
459 1774 652 1812 Ultimus
642 1786 681 1811 ιιι
707 1773 778 1811 hoc
806 1773 971 1821 quinario
1000 1776 1058 1809 est
1080 1787 1102 1812 ο
1127 1769 1259 1822 ἄρχων
1290 1773 1371 1811 τῶν
1398 1785 1542 1811 κοντα-

97 1829 220 1877 alm,
243 1828 440 1880 praefectus
463 1832 634 1877 canticis,
665 1829 718 1868 ait
744 1829 881 1867 Iunius.
919 1828 992 1866 imo
1026 1830 1214 1866 contaciis:
1248 1840 1334 1866 nam
1362 1828 1543 1865 canticum

98 1883 268 1937 generale
284 1897 419 1924 nomen
432 1890 490 1926 est
516 1886 566 1924 ad
593 1885 715 1924 omnia
739 1897 835 1934 quae
856 1884 938 1923 cani
965 1887 1031 1921 aut
1050 1883 1174 1921 solent
1202 1888 1268 1922 aut
1295 1889 1476 1935 possunt,
1502 1887 1543 1921 at

99 1941 304 1981 coutacium
325 1946 463 1980 certum
486 1942 675 1991 quoddam
694 1954 811 1992 genus
830 1944 888 1979 est
910 1940 949 1978 in
973 1940 1196 1978 Graecorum
1215 1940 1404 1978 ritualibus
1428 1939 1543 1990 libris,

98 1998 196 2035 sicut
217 2001 258 2036 et
277 1999 464 2050 troparium
492 1994 616 2065 εἴρός,
643 2011 773 2046 canon,
800 1993 1003 2048 κάθισμα,
1031 1992 1296 2047 προσόμοιον,
1324 1991 1543 2047 τριαδικόν,

98 2048 333 2101 θεοτόκιον,
360 2050 651 2106 σταυρῶσιμον,
677 2050 967 2104 α’ναστοὶσιμον,
1003 2056 1043 2091 et
1070 2054 1171 2103 apud
1196 2063 1264 2090 nos
1289 2064 1430 2100 versus,
1465 2064 1545 2089 ver-

100 2109 227 2157 siculi,
262 2109 455 2158 graduale,
501 2114 657 2158 tractus,
692 2112 890 2160 sequentia,
929 2111 1141 2173 responsoria
1181 2113 1220 2146 et
1258 2108 1365 2146 huius
1399 2108 1543 2158 generis

102 2164 195 2215 alia,
213 2177 308 2213 quae
325 2165 443 2203 aliena
461 2165 587 2216 lingua
613 2169 679 2204 aut
715 2178 866 2216 prorsus
898 2165 1049 2215 exprimi
1079 2168 1145 2203 ant
1170 2165 1361 2202 commode
1391 2163 1544 2214 exprimi

103 2233 180 2258 non
211 2225 378 2271 possunt.
414 2220 524 2259 miror
551 2225 674 2259 autem
704 2221 794 2270 quid
816 2220 1080 2258 correctoribus
1105 2220 1286 2258 Bonefidii
1317 2221 1355 2257 in
1386 2223 1547 2256 mentem

103 2276 265 2326 venerit,
292 2281 334 2313 ut
352 2288 461 2325 quem
478 2276 538 2315 ille
554 2281 701 2315 vocaret
719 2276 930 2328 praesectum
951 2279 1205 2323 contaciorum,
1227 2277 1298 2326 ipsi
1326 2277 1548 2325 interpreta-

105 2336 233 2370 rentur
247 2331 463 2382 praefectum
479 2333 724 2383 pugillarium.
759 2345 831 2382 ego
854 2333 942 2381 quid
961 2333 1031 2369 sibi
1045 2332 1239 2383 pugillares
1261 2344 1326 2368 seu
1351 2330 1551 2381 pugillaria

106 2388 197 2426 haec
216 2386 350 2437 velint,
386 2399 526 2425 meeum
554 2392 728 2438 exputare
756 2401 912 2437 nequeo.
947 2392 1006 2425 est
1038 2392 1162 2425 nutem
1189 2388 1390 2439 praefectus
1424 2389 1551 2422 conta-

108 2446 239 2482 ciorum
264 2442 323 2479 ille
350 2443 406 2480 cui
435 2456 523 2481 cura
550 2444 744 2484 inchoandi
767 2444 934 2483 contacia
959 2445 1161 2483 commissa.
1200 2444 1268 2480 sed
1295 2443 1342 2479 de
1376 2441 1552 2479 eontaciis

109 2499 215 2550 plura
235 2498 348 2536 habes
369 2511 483 2549 supra
502 2512 532 2536 c.
554 2503 592 2541 7.

198 2559 394 2597 xovtdmou
409 2561 463 2595 hic
481 2562 562 2606 (alin
576 2573 718 2608 namque
731 2566 910 2617 praeterea
926 2563 1050 2606 refert)
1068 2563 1222 2597 modulus
1238 2563 1291 2593 est
1303 2559 1453 2603 brevior,
1474 2556 1549 2595 α’κό

111 2609 179 2643 τοῦ
206 2608 339 2643 κοντοῦ
368 2620 390 2641 a
416 2609 584 2642 brevitate
614 2619 732 2642 nomen
754 2609 911 2652 ιοηίῐιιες
940 2608 1145 2651 maximeque
1169 2611 1382 2645 sanctorum.
1412 2615 1552 2650 quorum

113 2665 180 2688 non
219 2659 271 2687 est
302 2652 474 2689 offici-um
508 2652 672 2686 memoriis
694 2653 828 2687 brevius
852 2653 1013 2687 faciendis
1049 2650 1219 2685 desernit·
1257 2651 1459 2684 breviculus·
1475 2650 1555 2684 alibi

114 2698 248 2733 vocavi.
292 2699 417 2754 quique
448 2698 500 2733 liis
520 2697 692 2733 camundis
715 2697 911 2745 praeficitur
938 2703 974 2733 ct
999 2696 1163 2738 intendit,
1196 2700 1249 2730 cet
1278 2695 1409 2730 auctori
1431 2692 1554 2741 ἄρχων

114 2744 188 2779 vn’w
211 2742 425 2779 κονταιιίων.
