1864 3164
352 180 448 227 238
563 180 836 225 GRETSERI
856 181 927 224 ET
948 179 1125 225 GOARI
1143 180 1577 226 COMMENTARIUS

348 289 498 324 noscitur
520 292 673 325 ornatum
703 293 738 324 et
767 288 993 324 intermixtum
1026 287 1186 335 βλατίον.
1236 287 1364 336 βλατία
1389 285 1507 324 πολλοὶ
1558 289 1668 334 ρυσᾶ,
1701 300 1789 336 quae

348 335 417 368 alia
438 335 537 370 lectio
564 336 675 370 reddit
696 332 827 380 σηρικὰ
849 332 1118 380 διαπλεχθέντα
1139 335 1260 382 χρυσῷ
1268 348 1277 369 =
1311 335 1392 370 item
1413 331 1502 392 μετὰ
1551 336 1684 376 λατίων
1705 347 1789 381 χρυ-

345 380 441 424 σῶν,
471 381 536 415 alia
567 382 667 415 lectio
698 379 849 421 πέπλοις
879 377 1109 425 χρυσοϋφέσι.
1165 381 1220 415 ubi
1251 380 1375 425 legitur
1403 378 1596 425 αμφόδους
1626 377 1791 422 ἐπίπλοις

347 425 412 461 καὶ
433 426 568 470 τάπησι
591 423 829 471 διεκόσμουν,
852 427 920 461 alia
942 426 1042 460 lectio
1065 423 1155 471 μετά
1180 426 1336 472 βλατίων
1355 427 1508 472 χρυσῶν.
1554 427 1691 472 insuper
1705 439 1791 470 τρυ-

347 472 454 515 φῶσα
476 468 591 527 ἐσθής
613 472 754 516 quodam
777 472 851 506 loco
875 471 1053 516 scribitur,
1075 483 1171 517 quem
1190 472 1256 506 alia
1277 472 1375 506 lectio
1398 471 1538 517 exponit
1560 472 1691 518 βλατία
1702 484 1788 518 χρυ-

347 518 396 551 σᾶ
417 516 480 551 καὶ
503 513 653 561 ἐξαμιτα
675 517 737 551 καὶ
760 515 865 561 ἕτερα
890 517 1032 564 βλατία.
1079 517 1221 562 denique
1246 514 1520 562 περιπόρφυρος
1543 515 1680 558 πέπλος
1702 517 1791 562 apud

349 574 423 596 eum
446 567 647 597 memoratur
669 561 832 608 χρυσέοις
857 563 1015 609 βλατίοις
1037 561 1101 597 καὶ
1123 561 1303 607 ἐξαμίτοις
1323 561 1573 604 κατάστικτος.
1620 563 1663 597 de
1686 563 1789 598 blatio

346 608 514 642 Meursius
537 608 634 642 nimis
657 609 791 651 ieiune,
825 609 1009 643 Gretserus
1034 609 1077 643 ad
1111 609 1318 651 satietatem,
1351 609 1511 651 adversus
1540 609 1722 643 Meursium
1755 613 1791 642 et

345 654 494 687 lunium:
528 665 590 688 nos
620 658 863 700 temperanter,
899 658 935 688 ut
965 666 1005 689 eo
1038 654 1168 700 prolato
1201 654 1377 690 confestim
1406 665 1616 701 purpureum
1636 665 1791 700 pannum

347 700 447 733 menti
470 710 537 733 non
560 700 779 735 obiiciendum
801 711 1068 745 suggereremus.
1360 706 1365 714 ⁴

436 778 470 812 Ρ.
488 766 531 802 18
553 780 588 803 ν.
615 769 668 803 18.
696 763 912 813 ἐγκοπτούς]
935 778 1018 813 quos
1048 767 1196 802 nimirum
1220 766 1312 801 initio
1342 766 1464 813 capitis
1485 766 1674 814 corruptius
1697 765 1793 801 dixe·

345 815 400 847 rat
425 811 678 858 ἰνοκοπητούς.
725 813 803 848 vide
823 819 933 848 notam
955 813 989 847 in
1011 814 1074 847 hoc
1097 818 1198 859 caput
1221 813 1265 847 ad
1280 824 1314 858 p.
1333 815 1377 849 17
1392 825 1425 848 v.
1443 813 1498 848 11.

440 881 525 915 ibid.
551 881 618 915 τοῦ
643 878 684 915 δὲ
709 881 916 915 δικανικίου
939 877 1066 925 αὐτοῦ]
1090 881 1341 927 protostratoris
1357 881 1510 915 baculum
1525 882 1684 915 memorat
1701 880 1793 914 Gre-

350 937 450 970 goras
473 928 495 981 ‘J
521 927 578 981 141:
603 922 644 967 ὃς
663 924 727 960 καὶ
748 924 816 971 τὴν
837 924 1205 972 πρωτοστρατορικὴν
1226 924 1328 971 παρὰ
1346 924 1520 972 βασιλέως
1534 922 1684 971 ὕστερον
1697 937 1792 970 παρ-

349 974 507 1017 ειληφως
528 984 576 1017 ην
601 972 812 1018 βακτηρίαν.

441 1050 475 1085 p.
492 1040 534 1074 19
548 1051 581 1074 v.
599 1040 634 1074 3.
659 1040 726 1074 τοῦ
748 1036 904 1085 μεγάλου
926 1035 1129 1083 λογοθὲτου
1150 1036 1193 1073 τὸ
1219 1035 1400 1084 σκιάδιον]
1426 1039 1627 1074 describitur
1651 1049 1792 1073 accura-

350 1084 419 1118 tius
442 1096 462 1118 a
486 1086 645 1128 Gregora
671 1087 694 1120 6
718 1088 735 1120 1
764 1084 951 1119 Muzalonis
972 1085 1166 1129 logothetae
1190 1085 1358 1130 fungentis
1387 1084 1501 1119 officio
1536 1081 1578 1120 τὰ
1611 1083 1790 1119 σκιάδιον.

348 1124 398 1174 ἦν
419 1126 460 1164 δὲ
486 1128 505 1164 ὁ
529 1129 737 1172 Μουζάλων
759 1128 867 1175 τιμήν
884 1142 967 1165 τινα
991 1127 1128 1173 ταύτην
1152 1127 1243 1175 ἔχων
1266 1129 1473 1174 ἐξαίρετον,
1493 1128 1604 1175 μόνος
1625 1130 1697 1164 τῶν
1717 1130 1790 1164 πά-

352 1178 412 1209 λαι
434 1172 476 1208 τὸ
500 1172 631 1220 ὅμοιον
654 1173 754 1223 αὐτῷ
775 1174 1052 1220 προειληφότων
1074 1173 1237 1221 ἀξίωμα,
1266 1174 1478 1221 καλύπτραν
1499 1178 1630 1220 φορεῖν
1652 1171 1713 1210 ἐπὶ
1734 1187 1793 1210 κε-

350 1220 470 1264 φαλῆς
489 1221 755 1267 χρυσοκοκκίνῳ
778 1219 1050 1266 κεκαλυμμένην
1078 1218 1272 1267 ἒνδύματι,
1307 1218 1398 1257 ὅσον
1428 1219 1470 1256 τὸ
1501 1219 1579 1256 ἄνω
1609 1219 1672 1256 καὶ
1701 1217 1795 1264 πρὸς

348 1267 396 1311 τῇ
417 1268 594 1311 πυραμίδι
615 1268 680 1312 τῆς
702 1263 919 1310 ἐπιφανείας
949 1268 1087 1312 σχῆμα,
1118 1263 1158 1302 ἐν
1191 1265 1309 1311 τούτῳ
1337 1265 1664 1311 παραλλάττουσαν
1691 1263 1792 1311 μόνῳ

348 1312 416 1346 τοῦ
437 1313 696 1356 παραπλησίαν
719 1309 814 1346 εἶναι
836 1310 1015 1354 καθάπαξ
1038 1314 1084 1358 τῇ
1106 1313 1179 1347 τῶν
1201 1314 1254 1358 τῷ
1277 1311 1446 1359 βασιλέως
1471 1309 1640 1357 ἐγγόνων,
1666 1307 1722 1346 ὅτι
1741 1307 1792 1356 μὴ

347 1355 411 1391 καὶ
426 1354 495 1400 τὴν
509 1355 609 1391 κάτω
631 1357 691 1392 καὶ
714 1356 840 1402 κοίλην
863 1354 1081 1401 ἐπιφάνειαν
1104 1355 1175 1402 εἶχε
1195 1358 1398 1398 κυκλίσκοις
1411 1355 1692 1401 πεποικιλμένην
1705 1369 1791 1402 χρυ-

345 1402 543 1445 σοειδέσιν,
565 1398 658 1436 άλλά
681 1403 781 1436 λείαν
811 1400 948 1443 τελέως.
997 1403 1198 1438 conferenda
1227 1404 1309 1438 haec
1333 1415 1406 1438 cum
1430 1403 1529 1438 dictis
1552 1402 1648 1437 huius
1671 1406 1707 1436 et
1735 1412 1795 1436 su-

347 1448 491 1495 perioris
515 1448 636 1493 capitis
667 1453 748 1482 nota
783 1448 902 1493 prima.
950 1449 1202 1483 Castamonitae
1232 1450 1425 1494 logothetae
1453 1449 1615 1483 inusitata
1649 1447 1794 1491 insignia

346 1494 506 1528 describit
529 1494 670 1528 Nicetas
693 1494 811 1528 lsaacii
835 1494 955 1537 Angeli
977 1494 999 1528 l.
1023 1495 1065 1529 3:
1090 1492 1262 1535 προϊέναι
1283 1491 1353 1539 γάρ
1375 1492 1438 1529 καὶ
1457 1491 1606 1538 φάλαρα
1622 1490 1794 1539 ὄξυβαφῆ

347 1536 450 1573 αὐτῶ
471 1535 648 1574 ἐνέδωκεν
672 1535 783 1585 ἔχειν,
805 1540 872 1573 τοῦ
895 1537 998 1582 ἱεροῦ
1019 1539 1268 1586 σχοινίρματος
1290 1536 1369 1576 ὄντι
1391 1539 1594 1583 πρότερον,
1623 1536 1687 1573 καὶ
1710 1535 1795 1581 ἕφε·

346 1572 478 1628 στρίδα
503 1582 680 1629 τοιαύτην
711 1581 751 1619 ἐν
781 1585 835 1630 τῷ
866 1582 1031 1619 ἱππεύειν
1063 1587 1286 1640 κεκτῆσθαι,
1319 1583 1384 1620 καὶ
1414 1582 1478 1620 διά
1511 1584 1634 1631 βαφῆς
1662 1580 1794 1628 ὁμοίας

347 1627 652 1675 ἐπισημαίνεσθαι
674 1627 762 1672 τοὺς
782 1629 917 1676 τόμους
937 1630 1009 1665 τῶν
1033 1631 1215 1676 δημοσίων
1239 1633 1355 1676 λογων
1377 1630 1440 1666 καὶ
1462 1627 1508 1665 τὰ
1526 1627 1746 1675 γραμμάτια.

440 1698 488 1733 ib.
516 1709 552 1733 v.
578 1698 632 1733 12.
659 1695 977 1743 βερικοκκόχροον]
1001 1699 1122 1733 malum
1145 1699 1378 1737 Armeniacum
1401 1698 1574 1743 Crispinus
1589 1701 1703 1732 censet
1718 1707 1795 1732 esse

349 1743 583 1790 βερίκοκκον,
617 1745 787 1786 ανὸτίοοί,
820 1744 915 1777 vocis
946 1745 1104 1778 allusione
1134 1745 1315 1790 deceptus,
1349 1755 1417 1789 qua
1440 1745 1563 1778 certius
1588 1744 1622 1778 in
1645 1753 1794 1778 errorem

347 1790 514 1824 abductus
539 1789 658 1823 fuisset
678 1790 708 1823 si
731 1791 950 1824 arbricoccoli
974 1790 1122 1823 italicum
1145 1790 1179 1823 in
1204 1795 1345 1824 mentem
1365 1794 1570 1824 revocasset.
1614 1790 1709 1823 favet
1722 1788 1794 1822 De-

347 1835 509 1869 mocritus
536 1836 691 1880 Geopon.
711 1836 735 1869 1.
765 1838 807 1870 10
829 1836 916 1880 apud
939 1836 1143 1871 Meursiumz
1163 1833 1393 1880 Ἀρμενιακόν
1415 1833 1487 1871 ἐστι
1510 1831 1552 1868 τὸ
1569 1834 1794 1880 βερίκοκκον.

347 1881 554 1924 suffragatur
585 1881 702 1914 Simon
735 1881 892 1915 Portius:
929 1881 1128 1926 βερίκωκον
1167 1884 1353 1926 (corrupte)
1387 1881 1627 1914 Armeniacum
1648 1880 1792 1913 malum.

343 1923 574 1970 Ἀρμενιακὸν
593 1928 718 1971 μῆλον.
773 1927 886 1960 obstat
910 1926 1054 1961 Suidasz
1088 1925 1296 1971 κοκκύμηλα
1320 1923 1418 1966 εἶδος
1438 1922 1612 1969 ὀπωρῶν,
1637 1921 1683 1958 τὰ
1706 1919 1793 1966 παρ’

345 1970 438 2015 ἡμῖν
479 1968 654 2015 λεγόμενα
695 1972 901 2016 βερίκοκκα.
952 1971 1164 2016 κοκκύμηλα
1198 1983 1279 2004 vero
1314 1976 1392 2005 sunt
1430 1981 1557 2016 pruna,
1597 1970 1638 2003 de
1672 1969 1792 2014 quibus

347 2016 565 2050 Dioscorides
593 2018 610 2050 1
642 2017 705 2051 137
731 2018 786 2050 vel
811 2017 907 2050 iuxta
938 2017 1110 2050 Matthioli
1134 2016 1312 2050 editionem
1338 2016 1414 2050 174.
1463 2015 1666 2060 βερίκοκκα*
1677 2015 1794 2058 itaque

346 2073 481 2107 pruna,
509 2066 545 2093 at
566 2072 631 2094 non
655 2062 838 2105 quaelibet,
863 2061 921 2094 sed
945 2072 1032 2104 quae
1053 2066 1236 2095 nascuntur
1256 2061 1290 2094 in
1314 2072 1395 2105 agro
1420 2060 1646 2102 Damusoeno,
1673 2059 1793 2103 δαμα-

347 2104 464 2151 σκηνά
488 2106 637 2151 proprie.
685 2116 726 2139 ea
749 2117 830 2140 vero
854 2110 932 2139 sunt
955 2106 1099 2139 flammei
1122 2107 1243 2140 coloris
1266 2106 1300 2139 in
1331 2106 1440 2140 album
1472 2106 1688 2148 declinantis,
1718 2116 1792 2138 cum

348 2152 400 2186 ori
429 2157 561 2185 matura
595 2161 757 2195 manuque
789 2151 931 2184 nondum
961 2156 1118 2185 contacta
1152 2163 1231 2185 rore
1252 2152 1367 2185 nativo
1391 2156 1425 2186 et
1451 2151 1518 2185 levi
1540 2152 1690 2197 picturae
1716 2151 1792 2184 fuco

348 2202 591 2243 resperguntur
614 2197 656 2230 ad
680 2202 810 2237 cutem,
835 2200 869 2230 et
892 2200 970 2230 sunt
993 2195 1242 2241 φλογόλευκα,
1266 2203 1302 2231 et
1324 2201 1362 2230 ut
1385 2208 1457 2231 cum
1480 2197 1665 2241 baphiariis
1682 2197 1792 2230 Grae-

347 2243 397 2278 cis
420 2243 556 2287 loquar,
580 2238 882 2285 άσπροφεσκέτια.
930 2252 995 2274 uno
1020 2243 1124 2276 verbo
1147 2243 1221 2287 ipsa
1254 2242 1445 2288 βερίκοκκα
1473 2247 1551 2276 sunt
1583 2238 1792 2288 βερικοκκό-

348 2300 442 2334 χροα
463 2285 555 2332 μέσα
577 2286 748 2322 κοκκίνου
771 2285 835 2321 καὶ
858 2287 1008 2330 λευκοῦ,
1038 2299 1124 2332 quae
1154 2289 1309 2334 Geopon.
1343 2294 1462 2323 auctor
1493 2289 1559 2323 hoc
1587 2298 1688 2322 sensu
1712 2298 1792 2331 ger-

347 2345 446 2369 mane
468 2332 643 2370 vocaverit
663 2328 879 2377 δαμασκηνοὶ
903 2332 1139 2378 βερικοκκίας.

441 2402 487 2436 ib.
515 2412 547 2435 v.
573 2400 625 2435 15.
649 2395 902 2443 διαγελάστου]
927 2400 1072 2434 nonnulli
1096 2400 1256 2447 principis
1278 2401 1454 2446 imaginem
1477 2403 1516 2435 ut
1537 2400 1739 2434 arridentem
1756 2402 1794 2432 et

351 2458 472 2482 serena
493 2446 668 2482 maiestate
690 2455 861 2478 coruscam
885 2443 1123 2489 διαγέλαστον
1155 2451 1290 2482 vocant.
1337 2459 1380 2481 an
1405 2459 1471 2481 nou
1494 2446 1603 2481 verius
1625 2442 1794 2489 διαγέλα-

350 2505 438 2528 στον
462 2504 523 2527 ceu
547 2492 635 2526 risus
658 2494 694 2524 et
715 2490 864 2524 laetitiae
885 2491 918 2524 in
942 2492 1172 2535 spectantibus
1205 2493 1365 2527 causam?
1411 2497 1587 2536 utrumque
1609 2490 1792 2525 ridendum.

349 2535 392 2573 τὸ
418 2535 655 2582 διαγελάστου
679 2535 764 2570 ellim
787 2535 829 2569 ad
850 2536 1019 2570 materiam
1038 2533 1183 2581 ὑελίου,
1215 2550 1281 2572 non
1314 2538 1354 2572 ad
1387 2538 1620 2584 imperatorem
1643 2532 1793 2581 βασιλέα

349 2585 493 2618 referes.
541 2587 576 2617 at
607 2593 679 2616 cum
711 2578 906 2616 ὖποῢέλιον
939 2582 1153 2626 pigmentum
1196 2585 1404 2618 metallicum
1445 2584 1507 2622 sit.
1543 2581 1632 2626 quod
1670 2578 1794 2614 ὑέλιον

352 2640 487 2674 quoque
527 2630 570 2662 ob
601 2627 842 2662 similitudinem
873 2638 945 2661 cum
983 2628 1073 2662 vitro
1117 2635 1344 2674 nuncupatur,
1382 2626 1444 2663 διὰ
1482 2625 1605 2662 ὑέλιον
1644 2637 1793 2672 quoque,

351 2675 448 2719 quasi
473 2671 536 2708 διὰ
560 2671 684 2708 ὑελίου
708 2685 749 2707 ex
770 2674 858 2707 vitro
877 2675 1070 2717 conflatum,
1090 2674 1156 2708 dici
1183 2675 1303 2719 potuit.
1327 2675 1402 2709 hinc
1417 2671 1676 2715 δια·ϋέλιστον,
1694 2677 1727 2705 et
1746 2673 1790 2705 ob

347 2720 548 2766 prolationis
576 2719 774 2754 affinitatem
797 2717 1022 2763 διαγέλιστον
1045 2720 1195 2759 (Portius
1217 2721 1301 2754 enim
1326 2721 1400 2774 ipse
1423 2715 1588 2764 γερανιός
1620 2718 1695 2751 vice
1727 2714 1788 2763 ἠε-

351 2763 483 2809 ράνεος
505 2771 540 2799 et
559 2764 658 2810 γιαλί
679 2764 752 2798 vice
775 2762 873 2807 ὑελί,
895 2765 985 2810 quod
1009 2769 1061 2798 est
1083 2762 1226 2808 ὑέλιον,
1251 2766 1383 2811 scriblt)
1408 2771 1444 2801 et
1465 2764 1598 2800 tandem
1620 2759 1790 2808 διαγέλα-

349 2822 459 2854 στον,
482 2815 520 2846 ut
542 2810 714 2846 iucundius
732 2809 896 2856 quoddam
921 2814 956 2846 et
976 2810 1103 2855 gratius
1127 2816 1236 2846 ortum
1259 2816 1330 2854 θεαὶ
