1864 3164
283 144 285 147 ·
338 177 436 237 29ss
550 180 825 225 GRETSERI
845 182 916 224 ET
937 181 1109 226 GOARI
1126 182 1561 229 COMMENTARIUS

190 455 220 490 P
242 457 311 494 224

392 283 536 342 Μάγοι
565 291 732 342 Περσῶν
757 290 948 342 βασιλεῖς,
977 287 1202 345 ἐπιγνόντες
1229 295 1369 345 σαφῶς

388 341 460 383 τόν
483 343 549 385 ἐπὶ
577 349 652 399 γῆς
678 346 864 398 τεχθέντα
888 346 1049 400 βασιλέα
1074 343 1278 401 οὐράνιον,

387 398 469 440 ὖπό
500 403 685 454 λαμπροῦ
709 399 872 455 α’στέρος
898 400 1102 456 ἑλκόμενοι
1127 404 1312 454 ἔφθασαν
1339 402 1383 444 ἔν
1413 402 1609 456 Βηθλεέμ,

387 457 499 508 δῶρα
528 457 817 510 προσφέροντες
846 459 1023 511 ἕγκριτα,
1053 458 1199 512 χρυσόν
1228 461 1293 501 καὶ
1314 460 1478 512 λίβανον
1496 459 1564 501 καὶ
1585 457 1778 514 σμύρναν.

387 513 452 551 καὶ
475 511 661 560 πεσόντες
682 511 1004 567 προσεκύνησαν·
1030 515 1118 556 ἴδον
1138 514 1210 568 γοὶρ
1233 516 1276 557 ἐν
1300 519 1357 571 τῷ

389 570 567 624 σπηλαίῳ
595 568 745 622 βρέφος
769 572 952 623 κείμενον
974 569 1044 612 τόν
1069 569 1254 624 ἄχρονον.

329 639 388 673 est
409 640 532 674 autem
556 636 753 675 idiomelon
775 637 914 688 proprii
941 637 1028 675 festi
1052 638 1245 677 canticum.
1300 636 1486 678 idiomella
1513 636 1650 687 ubique
1677 637 1716 675 in
1734 637 1778 675 li-

329 692 407 729 bris
428 692 620 731 ritualibus
640 694 865 731 Graecorum
882 694 990 731 obvia
1008 698 1105 733 sunt.
1153 695 1277 746 inepte
1297 693 1422 732 Iunius
1440 694 1500 732 hic
1517 694 1646 732 scribit
1665 692 1777 734 ἰδιώ-

331 751 450 798 μελον
474 762 541 800 per
562 765 613 800 ω,
640 750 738 787 infra
757 749 950 802 ἰδιόμελον
969 762 1036 801 pcr
1057 765 1077 790 ο
1098 749 1258 801 μικρόν,
1289 755 1332 788 ut
1359 750 1508 801 originis
1535 755 1574 788 et
1597 750 1779 800 composi-

330 804 442 841 tionis
471 806 567 843 ratio
599 806 785 856 postulat3
828 806 1052 857 planumque
1079 807 1123 844 fit
1149 820 1193 845 ex
1221 807 1411 858 Menaeis,
1450 806 1513 844 ubi
1542 807 1643 844 nulla
1670 802 1780 845 ἰδιαί-

327 863 444 912 μελα,
485 863 555 899 nisi
576 862 702 900 forsan
718 875 840 901 errore
862 862 1150 913 typographico,
1184 865 1251 901 sed
1278 876 1379 901 mera
1404 859 1582 914 ἰδιόμελα
1606 862 1777 913 reperies.

419 937 453 970 p.
474 927 519 961 60
539 938 572 960 v.
593 929 645 962 10.
672 923 854 970 ἰδιόμελον
870 927 1038 962 canticum
1051 927 1166 971 feriae
1178 928 1354 972 proprium
1367 954 1377 971 ,
1393 926 1442 960 ait
1457 925 1636 961 Meursius.
1660 936 1779 960 verum

329 967 581 1016 ἰδιομελῳδεῑ,
604 972 671 1006 sibi
692 973 760 1016 ipsi
785 976 921 1014 cantat,
946 971 1025 1016 quia
1048 973 1137 1006 solus
1158 983 1195 1006 se
1219 973 1322 1007 audit.
1345 978 1398 1006 eat
1418 972 1534 1017 itaque
1547 972 1680 1017 proprii
1695 983 1778 1005 cau-

326 1020 384 1050 tus
403 1018 580 1059 modulus,
613 1017 671 1062 qui
694 1017 842 1051 nimirum
862 1018 1003 1062 proprio
1028 1029 1069 1051 uo
1099 1018 1239 1062 privato
1271 1018 1474 1052 modulandi
1504 1028 1630 1062 genere
1650 1016 1778 1051 occini-

327 1066 409 1102 tur-,-
439 1062 569 1106 hacque
593 1063 726 1097 ratione
747 1062 935 1107 τροπαρίφ
959 1063 1007 1096 ad
1029 1064 1172 1098 alterius
1195 1068 1334 1098 cautum
1354 1064 1555 1108 inflectendo
1583 1062 1777 1109 opponitur.

326 1107 425 1151 vide,
450 1107 477 1141 si
501 1108 580 1152 quid
605 1112 813 1150 mereantur,
836 1107 1075 1152 Euchologica.

438 1180 476 1216 p.
495 1169 550 1208 62
565 1179 599 1204 v.
617 1166 655 1206 4.
680 1166 817 1204 fercula
833 1166 934 1204 humi
951 1166 1086 1217 posita]
1111 1165 1237 1204 Iunius
1255 1165 1362 1204 nobis
1380 1157 1602 1218 persuadere
1624 1168 1777 1204 conten-

327 1221 384 1258 dit
405 1234 543 1272 ponere
561 1220 699 1261 fercula
717 1219 775 1262 ἐπ’
794 1219 993 1272 ἐδάφους,
1021 1223 1059 1260 id
1079 1227 1137 1261 est
1155 1223 1270 1273 humi,
1298 1224 1396 1260 idem
1414 1235 1496 1261 esse
1517 1223 1618 1272 quod
1637 1234 1777 1273 ponere

325 1289 439 1328 super
462 1290 646 1327 mensam,
676 1279 763 1326 quia
794 1290 922 1316 mensa
950 1282 1008 1315 est
1037 1280 1148 1316 etiam
1181 1278 1328 1327 ἔδαφος
1347 1292 1414 1316 seu
1433 1279 1542 1316 solum
1559 1291 1626 1316 seu
1645 1282 1778 1316 susten·
1827 1328 1829 1330 q

325 1333 491 1370 taculum.
548 1347 597 1371 an
613 1334 769 1384 vigilans
789 1335 862 1371 ista
881 1334 1068 1384 scripserit
1085 1335 1212 1372 Iunius
1233 1335 1404 1383 equidem
1421 1335 1574 1385 dubito,
1599 1347 1682 1372 cum
1701 1334 1778 1371 Co-

325 1389 435 1426 dinus
464 1401 637 1440 expresse
666 1390 765 1427 dicat
789 1390 1011 1427 domesticos
1033 1392 1104 1429 τοῦ
1124 1391 1371 1439 δομεστικίου
1391 1390 1556 1439 μίνσους
1573 1388 1778 1440 κειμένους

322 1441 383 1484 ἐπ’
405 1441 604 1495 ἐδάφους,
628 1446 726 1483 humi
743 1445 799 1483 vel
818 1447 857 1483 in
882 1447 1077 1495 pavimento
1098 1448 1230 1496 positos
1247 1474 1258 1492 ,
1289 1457 1334 1483 ex
1351 1445 1432 1483 solo
1458 1445 1600 1483 levasse
1617 1446 1656 1483 in
1674 1458 1776 1483 men-

320 1514 403 1538 sam
429 1501 683 1551 imperatoris,
721 1505 761 1538 et
787 1501 895 1539 huius
922 1501 1079 1538 faciendi
1110 1505 1200 1539 tunc
1227 1505 1373 1539 tantum
1400 1505 1440 1539 et
1466 1502 1554 1539 alias
1586 1513 1776 1550 nunquam

321 1560 549 1608 potestatem
578 1557 760 1594 habuisse.
818 1569 866 1595 an
897 1558 998 1605 quod
1025 1557 1098 1594 iam
1125 1561 1184 1595 est
1209 1557 1247 1594 in
1277 1569 1424 1608 mensa,
1457 1558 1589 1595 dicitur
1606 1557 1718 1595 levari
1737 1558 1775 1594 in

322 1613 515 1651 mensam?
548 1618 586 1651 et
604 1627 728 1666 supra.
786 1613 976 1650 domestici
1006 1613 1068 1650 isti
1096 1612 1253 1652 τιθέασι
1281 1610 1376 1660 τούς
1403 1613 1568 1664 μίνσους
1599 1609 1658 1653 ἐπ’
1686 1608 1776 1652 ἐδά-

322 1684 439 1719 φους.
497 1670 537 1707 in
567 1682 642 1719 quo
671 1669 851 1721 Calepino
880 1669 1020 1721 reperit
1045 1668 1172 1707 Iunius
1200 1668 1348 1721 ἔδαφος
1374 1681 1456 1708 esse
1483 1669 1543 1708 vel
1571 1668 1776 1720 significare

321 1725 518 1764 mensam?

433 1794 481 1831 ib.
509 1805 544 1830 v.
573 1793 638 1833 21.
667 1788 711 1832 τὸ
743 1787 950 1844 μινσοῖλιον
979 1803 1108 1844 mappa
1126 1803 1274 1834 mensae.
1332 1790 1471 1829 Citrius
1491 1790 1530 1829 in
1549 1789 1774 1842 Responsis:

321 1846 390 1888 καὶ
407 1846 454 1888 τοὶ
475 1847 516 1888 ἐν
541 1851 627 1894 ταῖς
655 1846 861 1900 τραπέζαις
891 1844 1173 1901 ἐφαπλούμενα
1201 1843 1348 1888 ὀθόνια
1376 1843 1560 1898 μινσᾶλια
1585 1846 1774 1901 λέγονται,

322 1901 389 1944 οἷα
408 1902 507 1955 πρός
529 1901 679 1955 κόσμον
699 1907 769 1955 τῆς
788 1903 978 1956 τραπέζης
997 1903 1065 1943 καὶ
1084 1907 1165 1944 τῶν
1187 1904 1339 1955 μίνσων
1359 1902 1562 1954 τιθέμενα.

435 1984 471 2020 Ρ.
494 1973 547 2011 63
568 1982 601 2006 v·
626 1973 658 2009 1-
689 1983 757 2019 pro
792 1969 994 2010 ι’σοπέδιον
1013 1973 1265 2020 reponendum
1284 1975 1341 2008 est
1363 1967 1625 2014 σουππέδιον,
1652 1981 1775 2018 suppe—

322 2025 442 2075 dium,
469 2025 667 2062 scabellum
690 2027 847 2076 pedum,
876 2030 1094 2076 usurpatum
1113 2039 1136 2062 a
1168 2026 1301 2063 Niceta
1330 2026 1512 2062 Choniate
1535 2028 1574 2061 et
1606 2023 1652 2060 ab
1682 2024 1775 2072 aliis,

321 2086 365 2119 ut
386 2083 496 2118 docet
512 2080 694 2118 Meursius
718 2082 757 2117 in
777 2080 924 2118 Lexico.
963 2082 1135 2118 scribitur
1160 2082 1270 2118 etiam
1292 2080 1486 2121 σωπέδιον
1516 2084 1555 2118 et
1574 2077 1773 2120 συπέδιον.

411 2145 496 2179 ibid.
546 2143 650 2178 miror
680 2154 739 2177 cur
771 2154 836 2177 non
877 2144 1011 2188 primam
1049 2148 1086 2178 et
1131 2156 1321 2188 germanam
1353 2144 1532 2179 lectionem
1563 2140 1776 2178 ἰσουπέδιον

327 2191 502 2235 reliquerit
527 2190 723 2223 Gretserus.
756 2199 797 2222 an
829 2200 895 2222 non
918 2190 1071 2224 Graecos
1092 2196 1249 2224 auctores
1280 2189 1424 2224 Graecis
1447 2190 1561 2235 potius
1585 2200 1682 2234 quam
1705 2189 1776 2223 La-

328 2237 408 2270 tinis
431 2247 494 2281 par
516 2238 570 2269 est
591 2234 640 2268 uti
662 2233 827 2268 vocibus?
850 2232 1076 2269 σουππέδιον
1099 2247 1182 2269 vero
1207 2236 1349 2278 Latina,
1375 2233 1586 2270 ἰσουπέδιον
1610 2234 1666 2268 vel
1681 2232 1776 2268 εἰσο-

320 2279 451 2315 πέδιον
473 2281 609 2315 Graeca
631 2290 699 2312 vox
723 2283 795 2320 est,
829 2290 927 2324 quam
952 2280 1113 2314 communi
1145 2292 1311 2315 consensu
1342 2286 1479 2315 tuentur
1502 2279 1600 2324 Regii
1625 2279 1772 2316 codices.

320 2327 514 2361 utramlibet
535 2336 619 2359 vero
643 2323 815 2368 sequaris,
834 2326 1035 2368 suppedium
1060 2326 1330 2361 sive‘scabellum
1353 2327 1478 2371 pedam
1492 2325 1775 2368 interpretabere,

319 2373 415 2406 cuius
438 2372 510 2406 vice
531 2369 789 2414 σκιμποδίσκον
811 2374 848 2403 et
870 2370 997 2405 ποδῶν
1019 2371 1184 2414 θρανίδα
1208 2372 1344 2417 scripsit
1370 2371 1552 2406 correctior
1573 2369 1714 2404 Nicetas
1735 2369 1772 2403 in

317 2418 438 2452 Alexio
459 2419 482 2452 2
507 2421 542 2451 et
574 2415 703 2451 Isaacio
731 2415 882 2457 Angelo‚
912 2415 947 2449 in
978 2417 1038 2451 ΟΡ
1069 2417 1219 2451 nimirum
1248 2422 1349 2452 statu.
1381 2417 1475 2462 prior
1505 2416 1598 2450 locus
1633 2419 1685 2448 est
1710 2409 1773 2447 ἐπί

318 2475 419 2502 τινος
443 2459 624 2506 μετεώρου
657 2460 918 2504 σκιμποδίσκου
942 2458 1037 2495 κατὰ
1067 2459 1134 2496 τὸν
1155 2461 1348 2502 Μάκρωνα
1370 2457 1665 2505 παρευρεθέντος
1685 2456 1773 2498 στας

319 2506 450 2548 αὖτόςε
475 2508 566 2541 cuius
590 2506 656 2540 alia
678 2505 779 2539 lectio
803 2505 935 2551 reponit
957 2504 1019 2539 ἐπί
1037 2519 1136 2547 τινος
1156 2506 1336 2552 μετεώρου
1354 2505 1592 2541 σουππεδίου.
1616 2504 1699 2538 alius
1723 2501 1771 2538 τοὶ

319 2551 362 2587 δὲ
387 2554 455 2587 τοῦ
476 2552 634 2595 Χριστοῦ
656 2549 720 2585 καὶ
744 2551 817 2585 τῶν
847 2549 963 2594 ἁγίων
985 2553 1075 2586 θεῖα
1098 2551 1299 2597 εἰκάσματα
1334 2550 1386 2592 εἰς
1414 2550 1524 2594 ἕδρας
1557 2547 1618 2584 καὶ
1642 2549 1771 2582 ποδῶν

319 2599 505 2640 θρανίδας
527 2597 713 2641 παρῆγονε
740 2596 911 2631 substituit
933 2597 997 2631 alia
1020 2595 1221 2641 εἰκάσματα
1244 2596 1297 2637 εἰς
1325 2593 1556 2640 ποδαρούλιοι
1570 2592 1633 2628 καὶ
1657 2605 1771 2628 σουπ-

317 2642 431 2678 πέδια
461 2640 737 2683 κατεσκεύαζον.
771 2638 953 2676 σωπέδιον
985 2646 1021 2676 et
1051 2640 1226 2677 σοπέδιον
1259 2644 1342 2687 legit
1372 2643 1480 2676 adhuc
1515 2638 1684 2674 Mem-aius
1705 2639 1771 2673 hoc

318 2689 435 2723 eodem
459 2690 586 2729 verbo,
608 2698 695 2733 quae
719 2688 907 2730 Graecam,
927 2690 966 2720 ut
993 2689 1139 2730 asserui,
1158 2688 1333 2723 lectionem
1358 2685 1545 2722 ἰσοπέδιον
1563 2684 1771 2719 confirmant.

428 2748 477 2786 ib.
502 2760 538 2784 v.
566 2749 604 2789 3.
642 2745 893 2797 panagiarium
925 2749 965 2783 et
1001 2750 1176 2797 panagia.
1233 2747 1324 2783 illud
1353 2749 1432 2783 erat
1462 2743 1615 2783 seutella
1636 2744 1675 2781 in
1696 2756 1770 2792 qua

319 2806 481 2856 panagia
499 2801 746 2842 adserebatur.
804 2801 893 2851 quid
923 2814 1010 2841 vero
1038 2802 1158 2841 haec?
1195 2803 1287 2842 mira
1311 2802 1448 2840 Iunius.
1504 2800 1558 2838 ait
1572 2803 1770 2852 panagium
