1820 3178
249 193 345 242 136
459 191 736 238 GRETSERI
756 191 831 235 ET
851 187 1030 235 GOARI
1051 185 1497 234 COMMENTARIUS

246 305 450 345 mutandae
474 305 605 353 erant,
631 301 808 341 adiuvare
835 303 876 339 et
906 298 1061 338 induere
1086 309 1162 338 una
1187 310 1273 338 cum
1310 296 1630 338 hieromnemone:
1655 297 1711 338 sic

244 363 342 401 enim
361 362 519 401 Ioannes
548 360 710 398 Citriusz
767 358 1050 397 hieromnemon&
1074 356 1235 408 officium
1262 351 1434 411 διακόνῳ
1459 355 1501 406 ἐξ
1529 352 1710 410 ἀνάγκης

244 416 464 472 προσήκει,
498 413 636 468 ἐπειδή
666 410 946 468 συνυπουργὸς
980 408 1101 461 οὗτός
1129 411 1211 454 ἐστι
1238 414 1296 468 τῷ
1314 412 1554 468 κανστρισίῳ
1582 413 1642 462 εἰς
1668 409 1714 454 τό
1766 414 1769 417 '

242 474 494 529 περιτιθέναι
515 471 591 525 τήν
618 469 732 522 ἱεράν
758 469 904 522 στολὴν
926 472 981 524 τῷ
1011 465 1189 523 ἀρχιερεῖ
1210 467 1393 522 μέλλοντι
1422 469 1711 522 ἰεροπρακτεῒν.

245 534 374 582 itaque
393 532 573 570 camtrion
590 529 680 567 nihil
700 528 801 566 aliud
821 528 970 566 videtur
981 526 1041 565 hic
1054 539 1136 564 esse
1157 539 1270 576 quam
1287 525 1501 565 vestiarium
1519 539 1587 565 seu
1607 525 1712 565 locus

245 591 405 628 vestium
423 598 634 637 sacrarum,
663 589 702 624 et
723 587 806 637 ipse
829 586 1039 623 canstrisiue
1069 583 1160 622 nihil
1191 583 1293 621 aliud
1320 595 1433 634 quam
1462 583 1496 620 is
1521 583 1586 634 qui
1613 583 1712 621 inter

246 645 431 698 palatinas
451 643 653 694 dignitates
675 641 883 694 appellatur
901 642 1101 680 vestiarius.
1156 640 1230 679 fuit
1258 644 1299 679 et
1316 640 1356 679 in
1372 638 1545 678 Romana
1561 638 1716 679 eeclesia

247 701 441 754 peculiaris
469 702 632 739 vestiarii
669 700 831 749 dignitas
860 701 901 736 et
928 697 1109 747 officium,
1137 701 1182 735 ut
1219 707 1265 736 ex
1285 695 1487 735 Anastasio
1509 696 1716 736 Bibliothe-

248 759 348 797 cario
376 758 487 796 docet
510 755 741 808 Onuphrius.
796 755 842 794 In
866 753 1138 806 Turcograecia
1173 753 1236 792 fol.
1263 753 1346 796 285
1371 754 1505 792 dicitur
1534 752 1717 806 κανστρί-

250 827 338 862 σιος
349 843 360 862 ,
383 816 447 865 qui
465 816 506 853 in
523 814 678 863 liturgia
698 815 791 852 tenet
820 809 865 853 τὸ
892 806 1109 866 κάνστριον
1128 812 1208 851 τῶν
1227 805 1521 863 θυμιαμάτων,
1543 810 1635 862 quod
1653 822 1718 859 ego

248 871 446 910 turibulum
475 872 703 922 interpretor,
729 869 853 918 inquit
879 872 1020 907 auctor.
1076 870 1118 906 at
1146 867 1298 906 inscite:
1329 867 1412 918 quis
1436 867 1535 905 enim
1552 878 1718 917 unquam

249 928 394 966 audivit
413 922 630 980 κάνστριον
647 937 730 963 esse
747 924 979 964 turibulum?
1005 923 1077 962 nisi
1092 925 1191 963 forte
1211 925 1323 964 etiam
1341 923 1542 963 canistrum
1559 924 1610 962 sit
1626 922 1721 962 turi-

248 984 400 1023 bulum:
422 996 509 1022 nam
535 997 559 1022 a
589 985 744 1022 canistro
761 995 829 1020 seu
851 981 1068 1020 diminutivo
1087 983 1258 1020 canistrio
1286 981 1331 1019 fit
1348 983 1529 1020 camtrion
1542 993 1611 1033 per
1628 991 1720 1030 syn-

251 1054 393 1093 copen,
420 1040 594 1091 idemque
614 1043 674 1077 est
697 1040 800 1089 quod
817 1034 985 1089 κάνεον,
1006 1041 1197 1076 contracte
1214 1039 1383 1088 κανοῦν,
1402 1038 1458 1076 ita
1474 1040 1518 1074 ut
1538 1035 1722 1088 κανστρί-

252 1109 340 1146 σιος
358 1098 504 1148 integre
524 1098 574 1135 sit
600 1095 891 1146 κανιστρίσιος,
916 1095 1118 1146 praefectus
1137 1097 1306 1133 canistrio
1321 1107 1390 1133 seu
1412 1095 1565 1133 canistro
1572 1107 1586 1140 ,·
1617 1093 1720 1132 cuius

253 1155 523 1206 praefecturam
541 1153 710 1192 extendit
733 1164 883 1202 quoque
900 1151 1027 1189 Iunius
1049 1152 1098 1189 ad
1112 1154 1312 1204 penariam.
1367 1154 1409 1189 at
1429 1150 1560 1202 nobis,
1590 1153 1630 1188 et
1650 1148 1722 1201 ipsi

253 1211 366 1249 etiam
383 1210 552 1261 veritati,
579 1210 648 1247 nisi
674 1208 802 1259 fallor,
830 1208 947 1246 satius
979 1209 1127 1246 videtur
1151 1209 1335 1247 canstrisii
1359 1208 1522 1246 officium
1547 1206 1724 1246 vestiario

253 1267 570 1317 circumscribere,
599 1269 638 1303 et
667 1267 819 1304 causti-ii
838 1265 988 1303 nomine
1013 1265 1103 1303 nihil
1129 1265 1230 1303 aliud
1261 1265 1427 1316 accipere
1459 1276 1572 1314 quam
1599 1263 1723 1303 locum

253 1324 317 1363 ubi
336 1327 460 1363 vestes
479 1322 709 1376 pontificales
729 1321 1036 1373 asservabantur,
1058 1335 1134 1360 uno
1151 1322 1269 1361 verbo
1284 1323 1502 1362 vestiarium.

346 1411 383 1446 p.
400 1398 425 1434 4
446 1410 484 1434 v.
510 1400 566 1436 16.
605 1394 869 1442 κανστρήνσιος
887 1409 1045 1444 quoque,
1069 1409 1134 1432 nec
1157 1409 1222 1431 non
1247 1395 1480 1440 καστρίνσιος
1494 1399 1528 1431 et
1541 1391 1724 1441 καστρήν-

255 1456 335 1486 σιος
354 1445 519 1490 scriptum
542 1445 716 1491 reperies,
746 1455 787 1478 nc
810 1454 873 1490 pro
891 1444 995 1478 variis
1013 1443 1158 1478 Graecis
1174 1443 1426 1478 characteribus
1441 1442 1573 1477 Latinis
1588 1453 1726 1488 quoque

257 1491 355 1525 varie
375 1491 553 1525 redditum.
600 1501 719 1524 sensus
736 1490 950 1535 requiratur,
971 1489 1030 1523 ubi
1056 1489 1113 1523 vix
1139 1489 1233 1523 iuvat
1256 1489 1444 1524 character.
1490 1487 1727 1532 κανστρίσιον

257 1533 335 1571 ἀπὸ
360 1537 428 1571 τοῦ
451 1536 650 1580 κανστρίου
673 1536 796 1570 dictum
811 1535 931 1576 vide03
953 1533 1152 1579 κάνστριον
1175 1546 1259 1569 vero
1279 1534 1378 1580 panis
1391 1533 1564 1569 benedicti
1578 1536 1725 1576 lancem,

257 1583 312 1618 vel
327 1581 442 1628 potius
456 1582 544 1616 turis
559 1584 725 1622 arculam,
747 1581 802 1616 vel
817 1581 963 1626 denique
978 1583 1164 1616 canistrum
1177 1580 1378 1626 recipiendis
1392 1580 1605 1626 patriarchae
1618 1579 1728 1615 vesti-

258 1629 325 1662 bus
340 1628 494 1662 idoneum
510 1628 736 1672 interpretor-z
761 1627 905 1661 κανοῦν
925 1627 1012 1661 enim
1034 1627 1121 1660 idem
1147 1627 1240 1671 quod
1255 1623 1431 1660 πινάκιον
1444 1626 1618 1668 vasculum
1634 1624 1727 1672 apud

260 1674 443 1717 Nicetam,
467 1685 531 1720 pro
547 1673 652 1708 variis
665 1673 877 1708 lectionibus.
921 1673 1092 1708 Allatiana
1118 1674 1171 1718 (et
1186 1673 1241 1717 M)
1265 1671 1309 1706 de
1331 1672 1557 1707 canstrensio=
1596 1667 1616 1707 ὅ
1633 1683 1728 1707 καν-

258 1717 452 1764 στρήνσιος
473 1716 664 1754 ἀλλάσσων
689 1719 743 1766 τῷ
777 1715 947 1763 ἀρχιερεῖ
970 1716 1039 1763 τὴν
1070 1715 1189 1753 αὐτοῦ
1220 1715 1376 1762 στολήν,
1410 1718 1560 1762 κρατῶν
1586 1713 1630 1752 δὲ
1660 1713 1728 1753 καὶ

259 1762 327 1800 τὸν
351 1763 539 1810 θυμιατὸν
563 1761 604 1800 ἒν
625 1766 672 1812 τῇ
695 1764 922 1811 λειτουργίᾳ,
956 1765 1020 1800 καὶ
1040 1761 1107 1799 τὸν
1130 1761 1227 1807 ἀέρα
1257 1765 1392 1809 (velum
1419 1763 1536 1798 calicis
1561 1766 1598 1798 et
1622 1762 1728 1806 disci)

261 1807 303 1846 ἒν
326 1811 374 1856 τῇ
397 1811 502 1857 δεξιᾷ
522 1807 639 1846 αὐτοῦ
659 1811 774 1857 χειρί,
811 1808 991 1856 ῤἀντίζων
1022 1808 1085 1844 καὶ
1115 1807 1157 1844 τὸ
1189 1806 1291 1855 ὕδωρ
1327 1807 1381 1850 εἰς
1405 1806 1472 1844 τὸν
1494 1805 1589 1844 λαὸν
1611 1805 1652 1844 ἔν
1674 1807 1728 1844 τῶ

260 1857 440 1903 τριαδικῷ
457 1855 581 1904 ὕμνῳ,
611 1859 757 1901 κρατῶν
780 1854 823 1893 δὲ
844 1855 909 1892 καὶ
933 1854 975 1892 τὸ
999 1853 1175 1904 κιβώτιον
1196 1857 1270 1891 τῶν
1303 1851 1532 1901 ἀρωμάτων,
1567 1842 1730 1898 nave&-

263 1914 375 1948 μενος
396 1901 463 1937 καὶ
485 1901 539 1944 εἰς
561 1899 629 1944 τὰς
648 1903 791 1947 κρίσεις.

376 1973 659 2024 Referendarius
679 1987 705 2012 a
730 1973 906 2024 referendo
932 1984 1070 2011 nomen
1094 1971 1246 2010 trahens
1275 1970 1388 2009 hodie
1412 1970 1524 2010 etiam
1550 1969 1591 2009 in
1614 1970 1732 2011 eccle-

264 2029 342 2067 siae
378 2041 448 2067 usu
485 2034 630 2068 manet:
678 2030 897 2068 mittebatur
938 2041 984 2067 ex
1033 2029 1153 2067 officio
1186 2029 1236 2066 ad
1267 2028 1528 2079 imperatorem
1565 2027 1636 2069 καὶ
1673 2028 1732 2077 εἰς

264 2085 390 2138 μέγαν
409 2083 595 2136 ἄρχοντα.
651 2086 746 2124 male
765 2086 891 2123 Iunius
916 2086 964 2123 ad
982 2085 1192 2124 sacerdotem
1214 2087 1430 2123 maximum:
1452 2097 1540 2124 nam
1573 2082 1595 2127 ὁ
1611 2083 1733 2141 μέγας

265 2139 400 2195 ἅρχων
417 2142 581 2193 dignitas
599 2146 680 2181 erat
697 2142 882 2195 palatina,
901 2145 946 2180 ut
963 2141 1101 2180 clarum
1115 2154 1159 2180 ex
1178 2142 1261 2193 ipso
1279 2141 1427 2180 Codino
1447 2155 1478 2181 c.
1503 2146 1542 2185 2.

359 2224 406 2259 ib.
431 2234 467 2258 v,
489 2225 542 2261 17.
595 2223 735 2258 Suidas=
766 2220 1051 2268 ῥἐφερενδάριος
1065 2218 1276 2267 Ῥωμαϊκὸν
1299 2218 1444 2267 ἀξίωμά
1465 2217 1584 2266 ἔστιν,
1612 2216 1733 2267 ἤγουν

267 2266 495 2315 ἀναφορεύς.
542 2269 686 2304 Nicetas
708 2270 742 2304 in
764 2270 883 2304 Alexio
906 2270 1071 2303 secundo:
1103 2270 1171 2303 τοῦ
1192 2266 1426 2314 πατριάρχου
1449 2268 1657 2308 στείλαντος
1677 2265 1734 2306 εἰς

268 2312 339 2360 τὴν
368 2312 570 2350 δέσποιναν
602 2312 669 2351 τὸν
696 2310 832 2350 ἑαυτοῦ
868 2311 1082 2360 ὑπηρέτην,
1112 2310 1153 2355 ὃς
1182 2310 1226 2349 ἐκ
1255 2314 1325 2348 τοῦ
1354 2311 1579 2360 προβάλλειν
1608 2311 1662 2353 εἰς
1683 2309 1732 2347 τὰ

268 2363 403 2406 αρχεῖα
433 2359 497 2396 καὶ
525 2358 822 2406 διαπορθμεύειν
852 2363 932 2401 τοῖς
962 2361 1145 2407 βασιλεῦσι
1176 2356 1223 2395 τὰ
1259 2357 1443 2405 βουλητέα
1465 2357 1530 2395 καὶ
1552 2355 1619 2399 τοὶς
1637 2355 1733 2393 ἀπο-

270 2408 406 2452 κρίσεις
429 2403 575 2442 ἐκεῖθεν
598 2401 712 2447 αὖθις
733 2403 951 2451 μεταφέρειν
982 2408 1187 2447 παλατῖνος
1218 2402 1442 2450 ὠνόμασται,
1490 2404 1680 2439 Allatianae
1709 2401 1732 2438 ὃ

271 2450 557 2498 ῥἐφερενδάριος
577 2449 889 2497 ἀποστελλόμενος
918 2450 971 2491 εἰς
994 2449 1195 2497 (ἄρχοντας
1216 2450 1282 2486 καὶ
1305 2452 1358 2496 Μ)
1381 2447 1561 2496 μεγάλους
1582 2445 1737 2492 ἀνθρώ-

270 2510 367 2538 πους
383 2496 578 2544 μηνύματα
593 2496 698 2543 παρὰ
719 2499 772 2544 τῷ
793 2495 961 2543 ἀρχιερεῖ
974 2494 1167 2544 ἐγγράφως
1192 2496 1257 2532 καὶ
1279 2493 1458 2543 ἀγράφως
1478 2495 1597 2542 φέρει,
1618 2496 1737 2531 καθε-

268 2542 421 2590 ζόμενος
446 2543 510 2580 καὶ
530 2543 584 2586 εἰς
605 2541 672 2587 τάς
693 2545 839 2590 κρίσεις.

382 2616 431 2655 ib.
459 2629 494 2655 v.
528 2615 591 2657 18.
634 2612 659 2658 o‘
683 2610 1133 2668 ὖπομνηματογράφων]
1171 2613 1307 2654 Latine
1332 2626 1356 2652 a
1382 2613 1634 2652 commentariis
1667 2622 1736 2649 seu

271 2675 606 2720 commentariensis,
631 2672 821 2711 scribendis
840 2673 1093 2711 commentariis
1113 2672 1337 2724 praefectus,
1367 2670 1429 2719 qui
1452 2667 1604 2707 Graecis
1623 2667 1735 2705 etiam

269 2725 694 2781 ὖπομν-ηματογράφος
723 2732 762 2767 et
791 2728 1103 2782 κομενταρίσιος.
1159 2740 1295 2766 nomen
1333 2725 1443 2765 officii
1478 2738 1556 2763 non
1588 2727 1736 2762 tantum

269 2785 504 2823 ecclesiastici
523 2787 590 2823 sed
612 2789 652 2824 et
679 2785 840 2837 politici,
868 2785 999 2822 saltem
1018 2785 1120 2834 apud
1146 2782 1325 2833 Latinos,
1354 2783 1402 2821 ‹le
1427 2793 1502 2830 quo
1521 2781 1640 2819 multa
1661 2779 1737 2818 Ba·

270 2842 397 2881 ronius
415 2843 465 2881 ad
485 2842 730 2894 Martyrolog.
746 2846 835 2882 tom.
853 2843 909 2884 27
926 2841 987 2879 die
1005 2841 1142 2880 Martii.
1161 2840 1376 2879 Bonefidius
1393 2838 1507 2878 vertit
1524 2838 1736 2879 actuarium.
