1820 3178
575 148 636 192 ΙΝ
663 148 856 192 CODJM
891 149 1002 193 CAP.
1035 148 1074 193 Ι.
1462 150 1555 195 151

117 253 187 297 τον
205 252 365 308 βασιλέα
379 256 671 306 πολυχρονίζειν
688 269 756 294 seu
772 272 815 297 το
844 253 1139 310 πολυχρόνισμα
1158 257 1321 297 accinere
1338 270 1404 296 seu
1430 261 1555 298 πολυ-

114 307 275 365 χρόνιον
284 313 426 352 ποιεῖν.
447 311 510 359 qui
522 323 602 348 mos
616 325 661 349 ex
670 313 823 362 antiquo
836 325 937 352 more
954 314 1064 352 hodie
1079 325 1229 364 quoque
1247 314 1398 352 Graecis
1418 314 1554 352 adhae—

113 371 183 406 ret.
236 367 399 405 secunda
422 370 481 404 oet
507 371 657 433 portare
683 369 938 419 evangelium
926 383 966 407 ιιι
994 369 1318 420 supplicationibus
1344 383 1388 408 ac
1406 370 1553 408 litaniis.

112 423 224 461 tertia
242 420 313 470 ‘cde
335 422 381 463 ἐν
405 418 542 470 αὕταῑς
568 421 770 471 συναπτᾶς
795 423 863 464 καὶ
892 422 1067 476 αἰτήσεις
1090 428 1232 466 ποιεῖν.
1283 426 1409 475 inepte
1437 426 1553 463 inter-

110 491 217 528 pres:
245 481 464 518 corum-iones
479 482 513 515 et
531 481 746 530 repetitiones
763 494 804 517 m
821 483 871 518 eis
879 481 1012 531 facere.
1066 485 1299 520 correxerunt
1315 482 1376 519 alii
1390 481 1551 519 collectas

109 538 145 573 d
160 547 287 586 preces.
315 538 404 572 sunt
429 536 624 574 συναπταί
651 536 801 585 proprie
822 548 918 585 quae
945 538 1046 587 apud
1071 551 1140 576 nos
1172 537 1211 575 in
1243 537 1343 574 horis
1366 537 1550 575 canonicis

108 594 286 629 vocantur
302 603 439 642 preces,
468 589 596 628 diebus
627 591 841 629 ieiuniorum
865 593 1098 643 potissimum
1124 593 1304 643 usitatae,
1330 605 1407 631 ιιοιι
1436 593 1550 631 modo

107 647 148 684 in
165 646 354 684 matutinis
374 646 442 683 sed
459 649 498 683 et
528 646 566 684 in
592 647 745 697 singulis
770 647 880 685 horis.
909 652 949 686 et
968 661 1096 699 preces
1121 649 1205 686 illae
1232 660 1325 698 quas
1353 653 1441 699 post
1466 648 1550 686 lita-

108 703 189 740 nias
219 715 289 753 pro
315 702 414 740 omni
440 702 628 740 hominum
659 707 761 740 statu
787 707 827 741 et
854 705 983 741 ordine
1007 705 1219 754 fundimus,
1237 705 1438 754 ipsissimae
1460 709 1550 742 sunt

106 758 332 796 Graecorum
349 759 563 804 συναπταί,
593 770 804 808 quanquam
821 763 861 796 et
880 772 971 810 quas
998 773 1067 798 nos
1095 773 1266 798 vocamus
1294 761 1457 800 collectas
1477 759 1550 797 hoc

105 815 254 852 nomine
275 813 461 866 appellare
478 813 529 850 nil
546 818 669 864 vetat,
698 815 784 864 quia
811 815 1035 853 Graecorum
1052 816 1209 866 liturgiis
1237 815 1547 866 adstipulantibus

107 870 182 908 flet.
220 870 311 908 haec
337 874 461 907 autem
495 869 548 907 ita
581 883 661 907 esse
685 870 867 920 intelliget
891 871 1007 910 lector
1027 868 1117 910 'cum
1146 885 1190 909 ex
1216 871 1295 911 aliis
1323 872 1548 910 Graecorum

105 926 295 964 ritualilnu
311 925 412 963 libris
436 930 515 963 tum
534 938 580 963 ex
596 925 832 976 Euchologio.
859 927 979 965 valeat
1003 928 1116 978 igitur
1131 928 1344 966 Bonefidius
1362 941 1444 966 cum
1470 928 1548 965 suis

88 976 96 994 ⁷
105 982 368 1020 commorabar
385 983 692 1032 drepditionibm.
722 987 854 1032 quarta
869 987 927 1021 est
945 979 1118 1031 ἐπόντος
1137 979 1411 1036 ἆρχιδιακὸνου
1438 981 1548 1024 διδό-

106 1052 176 1079 ναι
196 1033 346 1090 κη’ρονς
361 1041 444 1085 τοῖς
470 1036 514 1078 ἐν
534 1040 589 1089 τῷ
603 1034 759 1090 αμβωνι
783 1035 1008 1103 διακόνοις,
1036 1040 1173 1078 absente
1198 1039 1443 1078 archidiacono
1461 1039 1548 1079 dare

105 1107 217 1132 cereos
243 1094 399 1133 diacum
426 1096 466 1132 in
484 1094 636 1132 ambone.
663 1094 726 1131 ubi
746 1095 904 1145 pessime
932 1096 1114 1161 interpres
1145 1109 1215 1146 pro
1240 1092 1391 1146 κηροι’ς
1416 1095 1545 1145 legens

103 1145 270 1200 καιρούς
301 1149 428 1187 vertit:
463 1154 614 1200 tempora
645 1150 731 1188 dare
761 1151 940 1198 diaconis,
981 1154 1044 1202 qui
1067 1152 1207 1190 amboni
1236 1153 1402 1189 serviunt.
1440 1151 1545 1200 quid,

106 1217 264 1254 quaeso,
290 1208 349 1242 est
366 1209 518 1256 tempora
537 1205 623 1243 dare
639 1206 822 1243 diacum-r?
856 1219 978 1255 neque
1009 1211 1230 1244 correctores
1250 1210 1316 1244 aut
1338 1207 1376 1243 in
1400 1206 1545 1244 Graeca.

102 1261 285 1311 scriptura
301 1261 422 1298 autin
442 1260 621 1298 Bonefidii
639 1262 941 1312 interpretatione
968 1263 1066 1300 hunc
1091 1267 1168 1301 tam
1203 1267 1351 1313 turpem
1384 1275 1544 1301 errorem

101 1317 452 1363 animadverterunt;
481 1321 524 1354 ut
542 1317 599 1354 vel
625 1317 710 1355 hinc
739 1318 878 1367 liqueat
902 1331 1015 1368 quam
1040 1320 1150 1357 rudes
1176 1331 1298 1356 rerum
1323 1318 1542 1356 ecclesiasti-

100 1385 224 1411 earum
239 1373 302 1410 isti
318 1384 343 1409 a
359 1371 536 1410 catholica
553 1373 727 1423 religione
749 1375 867 1411 auersi
881 1376 930 1412 ad
949 1375 1041 1413 ritus
1060 1375 1322 1412 ecclesiasticos
1338 1387 1404 1411 seu
1423 1374 1541 1411 Grae-

100 1442 164 1467 cos
185 1441 251 1466 seu
273 1427 429 1466 Latinos
452 1429 686 1479 explicandos
716 1431 902 1468 accedant.
933 1431 1023 1467 dicit
1048 1434 1172 1467 autem
1197 1432 1334 1468 absente
1358 1430 1543 1467 archidia-

99 1498 195 1534 cono,
212 1485 317 1534 quia,
333 1488 376 1521 ut
389 1484 554 1521 eodinus
571 1486 685 1522 tradit
704 1499 740 1535 p.
761 1487 814 1526 94
831 1500 865 1523 v.
886 1488 953 1533 20,
972 1485 1057 1523 olim
1074 1486 1222 1534 quidem
1236 1498 1371 1534 magna
1389 1484 1541 1523 ecclesia

98 1540 259 1579 habebat
286 1539 598 1589 archidiaconum,
619 1542 686 1578 sed
713 1544 846 1591 postea
871 1540 1010 1578 nullum
1035 1541 1185 1589 habuit,
1214 1553 1327 1589 quare
1355 1539 1378 1580 ἆ
1403 1541 1542 1579 δευτε-

99 1592 227 1646 ρεύων
252 1599 375 1646 partes
396 1595 474 1632 eius
499 1596 694 1645 supplevit.
741 1595 826 1632 hinc
856 1596 911 1632 ait
938 1596 1077 1633 Citrius
1106 1597 1257 1633 secundi
1287 1596 1429 1633 diaconi
1455 1607 1540 1632 esse

99 1652 211 1689 etiam
227 1651 266 1688 in
291 1650 370 1689 aliis
388 1650 630 1688 archidiaconi
658 1663 790 1688 munus
818 1651 982 1700 explere3
1010 1664 1054 1688 ex
1081 1652 1213 1699 quibus
1240 1652 1336 1688 forte
1367 1651 1438 1688 hoc
1468 1655 1541 1699 oet,

99 1709 254 1755 θυμιᾶν
270 1704 340 1746 τὰν
354 1705 534 1757 βασιλέα,
559 1708 813 1756 imperatorem
832 1719 957 1743 recens
974 1712 1188 1745 coronatum
1203 1709 1357 1770 incenso,
1371 1710 1414 1743 ut
1431 1710 1542 1744 vocat

98 1763 268 1813 ecclesia,
294 1762 478 1811 venerari,
505 1762 612 1811 eique
648 1763 740 1800 bene
766 1762 966 1802 ominatum
986 1763 1075 1800 illud
1097 1775 1243 1800 carmen
1268 1762 1430 1800 accinere
1461 1760 1539 1800 “re-

98 1819 258 1857 cordetur
283 1818 440 1856 dontinus
466 1817 546 1856 deus
574 1820 646 1867 τῆς
677 1819 875 1870 βασιλείας
902 1821 1022 1886 ⁶592„
1038 1821 1142 1867 regni
1166 1821 1240 1866 tui,
1267 1821 1306 1856 ιἰι
1329 1831 1437 1867 regno
1460 1830 1539 1866 suo,

96 1887 187 1913 auru:
206 1879 239 1912 et
257 1887 384 1924 semper
405 1877 438 1910 et
462 1875 500 1910 in
522 1874 638 1911 secula
656 1875 863 1922 seculorum,
890 1869 1022 1912 amm?
1076 1875 1129 1912 sic
1150 1874 1247 1912 idem
1273 1875 1396 1911 fausta
1421 1873 1538 1910 accla-

95 1931 256 1969 nuatione
287 1929 578 1980 prosequebatur
604 1930 863 1980 patriarcham:
901 1930 1100 1981 μνησθείη
1132 1925 1271 1981 κύριος
1296 1928 1317 1969 ὁ
1342 1926 1441 1975 θεός
1462 1931 1538 1979 τῆς

96 1981 388 2038 ἆρχιερωσυνης
417 1997 511 2033 σου,
539 1986 732 2023 recordetur
752 1986 907 2023 dominus
927 1987 1154 2036 pontificatus
1174 1988 1231 2023 tui
1247 1986 1371 2035 ubique
1388 1998 1482 2022 nunc
1502 1988 1537 2021 et

96 2054 224 2093 semper
243 2045 276 2079 et
294 2043 334 2079 in
350 2040 468 2078 secula
486 2042 683 2078 seculorum.
711 2054 779 2078 nec
807 2041 877 2078 hoe
897 2041 1009 2079 fiebat
1027 2045 1172 2078 tantum
1201 2054 1246 2078 eo
1278 2041 1337 2077 die
1365 2052 1439 2088 quo
1468 2040 1536 2076 im-

95 2102 243 2148 perator
260 2096 543 2146 inaugurabatur
571 2101 610 2135 et
628 2097 892 2146 coronabatur,
919 2098 987 2134 sed
1011 2098 1155 2146 quoties
1178 2097 1216 2134 in
1239 2096 1425 2134 ecclesiam
1448 2108 1536 2133 ven-

96 2153 240 2190 titabat.
266 2165 310 2190 ea
328 2153 375 2189 de
392 2164 502 2190 causa
516 2153 568 2190 ait
594 2153 753 2189 Citrius:
785 2147 910 2192 αὐτοῦ
927 2149 1003 2205 γάρ
1033 2153 1137 2194 ἐστιν
1155 2151 1184 2204 ἦ
1212 2149 1307 2203 μετοῖ
1336 2167 1411 2203 την
1435 2150 1535 2190 εἶ’-σο

97 2209 169 2248 δον
190 2204 370 2258 εὐφημία
389 2210 467 2246 τῶν
490 2207 680 2258 βασιλέων
705 2206 772 2247 καὶ
802 2205 1028 2261 ἀρχιερέων,
1057 2211 1169 2259 ipsius
1197 2212 1247 2245 est
1273 2206 1535 2272 imperatorzbus

96 2267 131 2301 et
153 2263 367 2314 patriarchis
389 2264 429 2300 in
455 2263 614 2312 templum
642 2266 806 2311 mgr-em}
824 2264 904 2301 bene
929 2266 1088 2315 precari;
1128 2264 1198 2301 nisi
1228 2263 1308 2311 quis
1329 2262 1418 2299 illud
1436 2257 1532 2311 μετὰ

95 2315 170 2371 τήν
181 2318 336 2358 εἴσοδον
349 2322 428 2369 post
444 2320 635 2367 ingressum
654 2319 788 2356 referre
804 2318 891 2355 velit
909 2320 982 2357 ad
972 2332 1177 2369 ingressum
1195 2319 1232 2355 in
1257 2316 1532 2355 tabernaculum

95 2387 162 2412 seu
182 2375 221 2411 in
239 2378 367 2411 sancta
380 2378 611 2422 sanctorum,
642 2374 694 2411 ita
716 2378 759 2411 ut
773 2375 894 2411 fausta
911 2375 1001 2412 haec
1024 2374 1234 2412 acclamatio
1254 2374 1351 2410 facta
1376 2372 1424 2408 sit
1444 2376 1534 2421 post

93 2430 299 2468 absolutam
316 2429 636 2478 supplicationem,
665 2430 702 2466 in
722 2442 796 2478 qua
824 2430 929 2480 panis
956 2430 1290 2480 praesanctificatus
1320 2428 1368 2463 ad
1396 2426 1532 2463 sacrifi-

94 2487 189 2524 cium
212 2484 531 2522 circumferebatur
556 2497 622 2534 per
656 2485 832 2552 templum
863 2490 902 2523 et
933 2491 1062 2535 postea
1085 2486 1134 2521 ad
1160 2484 1274 2520 altare
1298 2481 1530 2518 inferebatur.

96 2554 172 2591 quo
189 2541 231 2578 fit
253 2546 297 2578 ut
311 2540 493 2577 secundus
513 2539 686 2577 diaconus
703 2537 906 2591 εὐφημίαν
926 2541 1020 2578 hanc
1048 2538 1247 2577 instituerit
1271 2549 1439 2586 regresso
1458 2537 1531 2573 iam

95 2597 301 2647 patriarcha
337 2597 387 2634 ad
418 2595 533 2633 altare
567 2599 606 2633 et
632 2596 863 2671 processione
892 2596 1081 2641 absoluta3
1124 2593 1225 2642 quod
1262 2605 1349 2630 vero
1380 2593 1532 2644 propius

93 2653 248 2691 videtur.

205 2707 405 2746 Dicebatur
422 2701 658 2756 δευτερεύων
680 2720 761 2746 των
783 2703 980 2747 διακόνων
1005 2716 1079 2741 ιιοιι
1111 2703 1212 2750 quod
1237 2702 1275 2739 in
1304 2702 1432 2739 ordine
1454 2703 1531 2739 dia-

96 2776 270 2803 conormn
295 2774 449 2813 magnae
465 2761 634 2799 ecelesiae
656 2763 838 2800 secundus
864 2766 982 2810 esset,
1010 2759 1076 2797 sed
1095 2761 1262 2810 respectu
1286 2758 1334 2796 ad
1356 2757 1533 2796 archidia-

1566 862 1596 898 P
1623 863 1688 898 173
