1864 3164
266 171 364 218 326
478 170 756 216 GRETSERI
774 171 847 214 ET
867 169 1043 214 GOARI
1061 169 1500 215 COMMENTARIUS

265 294 360 333 opus
393 282 570 334 pluribus.
634 283 790 334 ipsemet
821 280 947 318 Iunius
977 292 1018 317 se
1051 279 1205 330 refellit,
1243 280 1307 330 qui
1320 280 1421 319 hacc
1442 293 1484 332 p.
1513 279 1606 321 326.
1643 281 1716 331 τῆς

265 338 524 391 όδηγητρίας,
552 339 592 377 id
616 343 667 376 est
688 340 790 377 ducas
814 340 912 384 viae,
937 340 1060 374 statua
1086 336 1167 387 suit
1197 341 1302 375 extra
1321 337 1500 406 palatium
1529 337 1651 387 Cpoli,
1677 338 1716 375 in

265 395 391 446 templo
409 400 444 434 et
465 397 670 434 mammeri«)
697 394 824 444 nobili,
853 393 944 443 quod
965 393 1127 444 templum
1148 392 1313 437 Zonaras
1328 389 1439 435 Ανὀιον
1447 394 1529 434 ταῖν
1548 391 1717 448 ὁδηγων,

265 454 304 490 in
322 454 463 503 imperio
482 450 540 489 Ft.
555 451 774 496 Michaelis,
804 448 1022 500 Nic-ephorus
1051 450 1227 498 Gregoras
1253 449 1280 487 l.
1309 450 1357 490 11
1379 451 1622 488 ”nonasterium
1638 449 1717 488 Ho-

265 508 458 557 degetrmm
486 507 690 558 appellavit.
749 507 804 544 his
821 509 936 549 autem
954 506 1074 554 diebu!
1090 507 1128 543 in
1146 505 1323 555 palatium
1340 506 1570 557 inferebatur.
1624 505 1718 544 haec
1774 509 1781 517 '

261 564 333 602 ille.
392 567 433 602 at
458 563 547 611 quid
571 563 702 600 clarius
730 574 842 613 quam
868 561 1047 613 templum
1077 561 1349 612 Hodegetrium
1379 574 1456 600 non
1483 561 1598 600 fuisse
1624 565 1719 600 tem-

261 620 363 672 plum
383 618 695 658 Blacherniense‘l
749 618 878 662 scribit
905 617 1147 667 Pachymeres
1174 618 1236 656 lib.
1263 622 1289 660 7
1317 618 1517 669 imaginem
1545 618 1720 670 deiparae

261 690 330 727 per
350 676 428 713 dies
448 675 654 725 complures
673 675 893 713 lacrimasse.
946 687 1130 724 quaenam
1149 674 1240 712 haec
1258 673 1410 724 imago?
1431 687 1520 713 1111111
1539 674 1719 725 Hodeffle-

263 731 388 770 triae?
415 744 504 770 num
523 730 770 783 Nicopoeae2
825 734 864 769 et
883 731 984 782 apud
1003 732 1163 770 eundem
1180 729 1443 798 Pacliymer-em
1469 729 1499 776 l.
1520 734 1566 772 11
1593 731 1718 781 imago

262 804 334 839 της
359 791 629 840 φωταγωγοῦ,
659 787 810 838 virginis
829 787 938 825 lucem
958 787 1171 839 adferentis,
1201 801 1320 829 cunm
1330 791 1453 827 mnata
1479 787 1553 828 oleo
1576 786 1718 827 delibu

264 850 326 883 tus
357 844 515 883 Michael
542 844 746 883 Andronici
771 844 1002 896 imperatoris
1037 843 1131 883 filius
1158 856 1203 882 ex
1237 844 1437 921 desperato
1458 843 1602 883 morbo
1623 855 1720 882 con

262 901 390 940 valuit.

379 955 510 995 Tertia
535 955 661 1006 vigilia
689 955 817 1008 palatii
843 959 902 994 est
933 958 1004 998 τοῦ
1029 951 1332 1008 ευαγγελισμοῦ,
1365 923 1661 997 annuntiationis
1684 954 1721 992 b

266 1013 430 1063 virginis.
495 1012 622 1051 Iunius
649 1013 872 1062 evangelicae
909 1014 1198 1051 annuntaQationis
1261 1012 1353 1053 satis
1385 1011 1613 1063 evangelice:
1653 1011 1722 1049 sed

268 1071 360 1120 quid
379 1069 479 1107 aliud
502 1082 525 1107 a
545 1068 899 1120 pseudoevangelico
916 1069 1153 1120 praedicante
1171 1067 1393 1120 exspectes‘l²
1451 1107 1454 1109 Α

382 1126 528 1171 Quarta
558 1126 682 1175 vigilia
710 1125 891 1176 agebatur
924 1125 1054 1175 quinta
1082 1124 1173 1164 feria
1200 1125 1350 1173 111310τί3,
1367 1123 1646 1174 hebdomadae,
1673 1121 1722 1162 ob

269 1194 488 1234 parasceues
506 1182 719 1234 appetentis
743 1181 921 1220 solennia.
1521 1212 1523 1216 ,

846 1349 1116 1357 ——-—--—-—..

677 1519 719 1569 c
776 1520 819 1568 A
868 1519 908 1566 P
958 1518 1007 1567 U
1064 1518 1109 1566 Τ
1183 1484 1393 1585 17111.ςῖ

382 1640 471 1712 De
507 1685 643 1724 magno
683 1673 866 1711 sabbatho
896 1671 986 1711 nihil
1027 1674 1085 1710 est
1111 1671 1149 1708 in
1189 1670 1332 1710 Graeca
1359 1668 1618 1722 inscriptione,
1645 1670 1728 1709 cum

269 1739 395 1773 tamen
433 1737 664 1788 potissimum
693 1738 740 1775 de
773 1736 894 1774 officio
923 1736 1047 1786 magni
1079 1735 1273 1786 sabbathi,
1305 1735 1385 1772 hoc·
1403 1737 1464 1772 est
1490 1733 1635 1784 vigiliae
1661 1747 1730 1786 pa-

268 1793 429 1842 schatis,
459 1794 497 1830 in
516 1794 586 1831 hoc
608 1793 729 1844 capite
748 1798 891 1843 agatur.

383 1861 490 1910 p.72
513 1874 547 1899 v.
573 1861 632 1902 15.
652 1860 700 1897 de
720 1861 921 1911 parasceue
941 1858 1059 1897 tribus
1078 1858 1198 1896 verbis
1217 1860 1276 1896 res
1294 1857 1508 1896 absolvitur.
1532 1859 1616 1896 vide
1633 1870 1729 1907 quae

271 1915 319 1951 de
348 1915 419 1952 hoc
444 1917 542 1959 festo
569 1916 781 1967 scripsimus
807 1920 897 1955 tom.
928 1920 946 1956 1
971 1916 1018 1954 de
1042 1915 1081 1954 S
1103 1913 1264 1953 Crucel.
1287 1916 1310 1954 1
1326 1927 1355 1952 c.
1379 1917 1432 1956 68
1450 1913 1526 1952 etl.
1553 1918 1570 1954 1
1592 1915 1640 1952 de
1656 1914 1728 1952 Fe-

265 1971 334 2007 stis
354 1984 384 2008 c
406 1973 458 2012 23
480 1977 520 2010 et
538 1973 604 2014 24.
660 1972 826 2010 homilias
859 1972 1114 2010 Graecorum
1103 1985 1142 2008 111
1161 1979 1386 2042 parasceuen
1405 1970 1568 2009 invenies
1591 1973 1680 2009 tom.
1699 1970 1729 2010 2

267 2027 316 2064 de
338 2027 470 2065 Cruce.

361 2091 444 2125 ibid.
498 2087 542 2126 αἲ
561 2083 668 2136 ὧραι]
692 2091 737 2126 de
759 2090 881 2136 quibus
896 2086 1140 2124 consulendum
1161 2088 1349 2124 Triodium.

362 2158 446 2192 ibid.
469 2155 540 2214 Ξτὴν
559 2158 802 2214 λειτουργίαν]
820 2157 904 2190 hora
922 2156 1027 2202 prima
1041 2156 1149 2190 noctis
1163 2155 1351 2190 dicendam.
1375 2128 1570 2191 Triodium:
1591 2153 1731 2200 ὀφείλει

273 2200 317 2237 δὲ
341 2199 434 2248 ἔχειν
457 2201 648 2249 ἀκρίβειαν
671 2201 692 2237 ὃ
716 2199 976 2259 ἐκκλησιάρχης
998 2201 1082 2246 ἵνα,
1116 2198 1207 2237 ὅταν
1232 2204 1337 2236 ποιεῖ
1353 2198 1532 2237 α’πόλυσιν
1555 2200 1579 2246 ἡ
1602 2196 1731 2256 ἐκκλη-

273 2249 337 2283 σία
359 2251 425 2293 τῆς
448 2249 692 2293 λειτουργίας,
716 2245 864 2293 υποὶρχῃ
887 2259 968 2288 ωρα
990 2244 1145 2292 δευτέρα
1168 2248 1233 2290 τῆς
1253 2247 1489 2291 λειτουργίας.
1514 2247 1730 2293 vespertInae

273 2306 360 2329 vero
379 2295 517 2338 laudes,
539 2296 660 2341 quibus
681 2295 758 2341 ipsa
779 2293 1014 2338 coniungitur,
1037 2290 1165 2328 decima
1184 2293 1253 2327 diei
1274 2294 1359 2328 hora
1381 2293 1557 2339 incipiunt.

389 2367 436 2406 ib.
465 2379 499 2405 v.
523 2369 589 2407 20.
625 2364 688 2403 illa
705 2361 800 2415 μετοῖ
824 2361 898 2414 τήν
916 2366 990 2404 τοῦ
1007 2359 1230 2405 αποστόλου
1253 2356 1493 2418 ἇναγνωσψ
1499 2352 1628 2404 Iunius
1648 2376 1729 2403 ver-

277 2425 344 2462 tit:
370 2428 451 2476 post
472 2423 647 2462 lectionem
666 2425 780 2460 autem
797 2420 964 2471 apostoli,
991 2420 1030 2458 id
1050 2425 1122 2469 est,
1146 2420 1195 2458 ad
1216 2433 1290 2458 eum
1313 2433 1421 2470 usque
1441 2421 1574 2459 locum:
1611 2433 1731 2470 surge,

276 2481 382 2527 deus,
415 2481 478 2530 qui
503 2478 640 2517 iudicas
664 2483 804 2518 terram.
859 2477 989 2514 vitiose
1011 2490 1185 2528 prorsus,
1223 2477 1329 2525 quasi
1349 2475 1440 2514 illud
1459 2489 1564 2527 surge
1580 2477 1662 2515 deus
1681 2476 1730 2514 ad

275 2536 438 2589 apostoli
463 2536 655 2573 lectionem
683 2534 890 2586 pertineat,
908 2546 1008 2572 cum
1036 2534 1087 2571 sit
1114 2533 1277 2583 stichus,
1302 2545 1412 2582 quem
1429 2536 1520 2584 post
1535 2533 1731 2572 lectionem

275 2593 436 2643 apostoli
463 2605 506 2630 ex
532 2590 690 2643 epistola
709 2592 758 2630 ad
776 2590 963 2628 Romanos
983 2593 1171 2640 sumptum
1203 2589 1362 2627 concinit
1389 2589 1549 2642 psaltes:
1582 2601 1731 2638 exsurge

274 2650 360 2686 (leus
376 2650 538 2686 iudicans
558 2653 706 2694 terram,
735 2650 818 2699 quia
837 2651 876 2685 tu
890 2646 1096 2684 hereditabis
1114 2649 1151 2685 in
1178 2648 1334 2684 omnibus
1357 2647 1529 2695 gentibue.
1583 2643 1731 2682 subiicit

275 2706 411 2743 lector:
445 2705 528 2742 deus
554 2707 650 2742 stetit
678 2707 716 2742 in
744 2715 932 2755 synagoga
957 2703 1113 2751 deorum,
1154 2706 1191 2740 in
1219 2703 1330 2741 medio
1361 2706 1476 2741 autem
1496 2701 1574 2739 deos
1591 2701 1731 2739 diiudi-

277 2766 336 2799 cat
355 2765 424 2798 etc.
481 2761 635 2806 succinit
665 2761 824 2809 psaltes:
861 2772 1009 2808 exsurge
1038 2759 1121 2796 deus
1150 2762 1218 2796 etc.
1259 2764 1298 2796 et
1324 2758 1395 2796 hoc
1416 2757 1584 2808 saepiam,
1613 2764 1656 2794 ut
1675 2757 1731 2795 di-

276 2818 410 2856 stincte
433 2818 548 2856 habes
570 2819 608 2855 in
643 2817 806 2856 Triodio.
865 2828 953 2866 ergo
979 2815 1034 2852 vel
1067 2821 1155 2866 post
1181 2815 1374 2852 lectionem
1392 2814 1551 2866 apostoli
1569 2813 1625 2850 vel
1644 2816 1732 2864 post
