1832 3178
274 184 335 238 14
688 187 888 244 CODINI
916 189 1310 234 GUROPALATAE

267 299 486 354 ὡσαύτως,
519 303 622 358 μετὰ
655 303 782 346 ἀετῶν
815 305 1188 362 μαργαριταρεῖνων
1219 303 1451 363 ἔμπροσθέν
1475 323 1515 350 τε
1539 308 1607 350 καὶ
1635 305 1728 350 ἷῖπι-

269 375 372 415 σθεν
393 374 459 414 καὶ
484 373 538 422 εἷς
556 371 607 414 τὰ
629 373 807 429 τέσσαρα
833 373 936 430 μέρη
966 376 1047 415 τῶν
1069 373 1329 431 ἱδρομαχίων,
1364 374 1512 429 ἔχουσα
1531 378 1599 418 καὶ
1617 394 1728 433 μαρ-

262 441 418 496 γὲλλιον
442 439 672 498 {sunem-9521
696 443 762 483 καὶ
785 440 968 494 ὄπισθεν,
1003 439 1060 493 ὥς
1076 444 1144 484 καὶ
1165 441 1191 498 ἧ
1212 442 1418 498 βασιλική.
1489 445 1536 487 οὐ
1556 444 1638 500 μὴν
1659 447 1727 488 καὶ

263 508 367 563 μετὰ
389 507 612 566 μαργάρων
633 509 678 552 τὸ
700 508 968 568 κοπριτόριον.
1036 511 1080 552 αἱ
1106 512 1150 554 δὲ
1169 510 1314 554 σκάλαι
1337 510 1421 554 οἶαι
1445 513 1513 555 καὶ
1539 513 1581 554 αἶ
1603 517 1728 568 βασι-

264 578 386 619 λικαί.
455 579 518 621 ἐπὶ
539 582 610 620 τοῦ
631 577 820 632 μετώπου
844 582 917 634 τῆς
944 580 1198 636 κεφαλαρὲας
1226 585 1298 623 τοῦ
1320 582 1576 638 χαλιναριόυ,
1613 584 1761 636 &fio-5

263 646 357 695 λέας
385 646 452 687 καὶ
485 646 632 700 αὐτῆς,
670 645 907 704 ἀπῃώρηται
933 652 1068 705 τοῦφα
1094 649 1197 703 μετὰ
1220 651 1447 706 φοινικίων,
1484 646 1552 691 οἷα
1572 652 1640 693 καὶ
1663 651 1727 692 ἐπὶ

262 718 335 757 τοῦ
354 717 590 767 βασιλικοῦ·
627 713 674 757 οὗ
695 714 776 769 μὴν
797 716 840 758 δὲ
860 717 928 757 καὶ
948 714 1170 771 κόμπωσιν.
1238 717 1284 760 τὸ
1309 718 1352 760 δὲ
1371 722 1443 773 τῆς
1461 718 1606 769 σε’λλας
1627 720 1728 762 ἐπα-

261 782 481 824 νωσκέπιον
512 783 654 834 λευκὸς
685 781 845 838 κάμπος
870 782 955 839 ἧως
984 787 1133 837 πεδίον,
1173 786 1278 840 μετὰ
1301 786 1428 829 ἀετῶν
1446 788 1637 834 κοκκίνων
1655 805 1728 841 μι-

208 861 239 897 D
263 855 384 908 κρῶν.
443 848 638 904 ὡσαύτως
667 854 736 895 καὶ
765 850 792 908 ἦ
824 852 941 896 τέντα
967 853 1093 897 αὐτοῦ
1116 852 1237 897 λευκτζ
1249 886 1264 907 ,
1300 853 1527 898 ἀετόπουλα
1549 856 1728 912 γέμουσα

263 917 437 978 ἐρυθρά.
1738 928 1784 966 10

404 985 570 1040 Πεζεύει
593 985 614 1030 ὅ
637 985 832 1043 δεσπότης
850 989 892 1031 ἓν
910 983 945 1047 ᾧ
966 988 1016 1031 ἂν
1036 987 1148 1047 τόπῳ
1165 989 1384 1047 προστάξοι
1407 995 1550 1034 τοῦτον
1567 989 1589 1033 ὅ
1607 996 1729 1045 βασι-

266 1054 371 1107 λεύς.
426 1057 489 1099 ἐπὶ
510 1060 691 1113 κεφαλῆς
712 1056 770 1099 ἔτι
789 1058 876 1107 νέος
897 1057 971 1112 μὲν
992 1056 1048 1100 ὢν
1067 1057 1089 1100 ὃ
1111 1057 1306 1114 δεσπότης
1325 1066 1449 1116 φορεῖ
1462 1061 1503 1101 ἒν
1519 1063 1579 1118 τῷ
1595 1064 1730 1102 παλα-

264 1127 338 1183 τι’ῳ
362 1125 492 1176 οὐδέν,
528 1125 621 1166 ἀλλ’
648 1124 702 1167 ἴνι
724 1124 852 1175 οὕτως
872 1124 1059 1181 ἀσκεπής.
1110 1125 1206 1169 ὅταν
1226 1129 1269 1170 δὲ
1292 1127 1576 1184 καβαλλικεύῃ,
1612 1135 1736 1186 φορεῖ

267 1191 354 1236 οἷον
382 1194 622 1249 προείπομεν
653 1192 847 1236 σκιάδιον.
918 1197 973 1245 εἷς
1016 1193 1173 1252 ἐφήβου
1218 1197 1262 1238 δὲ
1298 1195 1444 1254 χρόνον
1476 1196 1730 1252 καταντήσας

267 1268 393 1319 φορεῖ
405 1263 471 1304 καὶ
493 1263 535 1304 ἓν
553 1267 611 1319 τῷ
627 1264 809 1320 παλατιίμ
831 1263 876 1305 τὸ
900 1265 1086 1318 δηλωθὲν
1103 1263 1298 1308 σκιάδιον.
1353 1265 1456 1308 κατὰ
1478 1266 1522 1308 δὲ
1541 1266 1614 1316 τὰς
1634 1265 1727 1322 {op-
1740 1273 1783 1309 15

265 1331 342 1381 τὰς
360 1328 603 1388 σκαράνικον
614 1330 893 1387 χρυσοχοϊκόν,
913 1331 1085 1388 mady-aa
1104 1335 1172 1375 καὶ
1191 1332 1494 1391 μαργαριτάρια
1513 1333 1604 1388 ἔχον
1621 1333 1729 1377 οὕτω

264 1397 459 1455 λεγόμενα
480 1400 685 1456 περίχυτα.
733 1400 779 1442 τὸ
804 1401 847 1442 δὲ
865 1399 1093 1455 καββάὸιον
1118 1402 1242 1444 αὗτοῦ
1265 1403 1335 1453 ὀξὺ
1359 1401 1596 1459 ἦέρυθρόν,
1618 1420 1730 1461 μαρ-

263 1468 554 1525 γαριταρέίνον,
591 1466 676 1510 οἷον
698 1467 747 1510 ἂν
771 1469 814 1510 ἐκ
834 1468 987 1512 τούτων
1008 1470 1186 1527 ὀρέγοιτο
1210 1473 1276 1512 καὶ
1299 1471 1549 1525 ἀποδέχοιτο.

138 1551 169 1586 Ρ
194 1549 241 1587 45
402 1537 463 1578 Τὸ
486 1540 560 1578 τοῦ
582 1536 954 1596 σεβαστοκράτορος
976 1537 1218 1596 σκαράνικον
1246 1542 1314 1581 καὶ
1343 1539 1389 1582 τὸ
1421 1544 1492 1582 τοῦ
1517 1540 1730 1596 Καίσαρος

260 1604 322 1646 ἐπὶ
341 1609 421 1647 τῶν
442 1603 592 1660 ἑορτῶν
612 1607 797 1659 ζητεῖται.
1736 1618 1785 1654 20

399 1674 468 1715 Τὰ
494 1671 660 1715 σκιάδια
686 1678 766 1717 τῶν
794 1679 990 1732 γαμβρῶν
1013 1677 1088 1718 τοῦ
1103 1674 1326 1729 βασιλέως,
1363 1676 1567 1718 δεσποτῶν
1589 1673 1729 1726 ὄντων,

352 1791 376 1826 4
408 1789 673 1834 κοπριτοτίριον
702 1792 751 1834 Β,
789 1790 1058 1837 κοπριτοῦριον
1089 1790 1262 1836 διβολέον
1292 1793 1324 1826 Α
1484 1789 1635 1827 eninm
1667 1792 1728 1826 AB

352 1838 375 1871 6
399 1836 549 1875 φοῦντα
571 1836 614 1881 A,
639 1837 833 1880 φοροῦντα
854 1839 883 1872 Β
1021 1839 1043 1872 8
1066 1834 1192 1871 ἐπάνω
1217 1835 1369 1870 σκέπιον
1389 1837 1420 1872 Ρ
1532 1833 1677 1881 ἅσπρος
1699 1838 1728 1872 Α

351 1883 374 1916 9
397 1878 520 1926 ἅσπρη
545 1883 576 1915 Α
717 1883 760 1916 10
782 1879 935 1916 κόκκινοι
957 1883 988 1917 Α
1113 1883 1155 1918 12
1178 1878 1231 1915 ὢν
1257 1894 1310 1916 om
1334 1885 1366 1916 A
1481 1884 1525 1919 13
1542 1884 1676 1926 τοῦπος
1698 1883 1729 1918 Α

353 1925 598 1974 καβαλλικεύῃ
630 1923 709 1971 ἤως
741 1926 881 1973 ἱππεύῃ
904 1928 932 1961 Ρ
1072 1928 1116 1962 16
1139 1926 1226 1972 καὶ]
1255 1925 1295 1961 δὲ
1322 1925 1386 1962 καὶ
1407 1927 1439 1963 Α
1577 1930 1620 1965 17
1643 1926 1729 1964 κόκ-

351 1985 455 2008 κινον
477 1976 509 2009 Α
647 1974 691 2010 19
714 1972 777 2008 καὶ
799 1972 843 2007 τὸ
865 1974 934 2008 τοῦ
958 1971 1150 2018 Καίσαρος
1172 1984 1227 2008 om
1249 1973 1279 2007 B

262 2079 359 2111 retro
383 2074 511 2121 aquilis
535 2087 580 2110 ex
603 2074 823 2120 margaritis3
847 2078 883 2110 et
906 2074 951 2109 ad
975 2078 1139 2120 quattuor
1160 2079 1279 2122 partes
1303 2078 1581 2110 ornamentorum
1605 2088 1625 2111 e
1643 2076 1730 2112 sella

262 2120 504 2167 pendulorum.
551 2122 658 2156 habet.
687 2122 832 2166 insuper
864 2126 946 2155 ante
980 2126 1017 2155 et
1047 2126 1143 2155 retro
1179 2122 1408 2166 margellium,
1444 2122 1730 2167 quemadmodum

261 2167 499 2213 imperatoris.
546 2167 805 2213 coopertorium
825 2171 941 2201 tamen
965 2172 1063 2201 caret
1086 2167 1298 2212 margaritis.
1345 2168 1481 2212 stapiae
1513 2179 1577 2202 seu
1608 2173 1729 2214 stape-

261 2215 324 2248 des
349 2213 423 2248 eius
448 2213 568 2258 quales
588 2218 624 2247 et
641 2213 877 2259 imperatoris.
924 2212 962 2246 in
985 2213 1102 2246 fronte
1127 2214 1170 2247 ad
1193 2214 1380 2258 capistrum
1404 2213 1540 2258 fraeni,
1574 2214 1668 2259 quod
1689 2218 1729 2249 et

259 2260 374 2304 ipsum
400 2259 534 2294 bicolor
559 2264 632 2303 est,
663 2259 793 2304 pendet
823 2259 954 2293 floccus
977 2270 1054 2292 cum
1076 2258 1245 2294 inferiore
1270 2259 1461 2303 muscario,
1495 2259 1598 2305 quale
1623 2261 1729 2295 etiam

261 2305 479 2350 imperatorii
503 2305 583 2350 equi
609 2305 795 2350 capistrum
821 2310 889 2339 est:
924 2309 1020 2339 caret
1051 2308 1166 2339 tamen
1197 2305 1298 2351 apice
1328 2305 1499 2340 muscario
1531 2306 1727 2352 superiore.

260 2351 368 2386 sellae
391 2362 554 2396 superum
576 2356 811 2395 tegumentum
835 2351 934 2384 albus
958 2361 1098 2396 campus
1124 2356 1190 2395 est,
1216 2362 1292 2385 cum
1315 2351 1441 2398 aquilis
1469 2352 1621 2386 coccinis
1644 2363 1728 2398 par-

259 2397 328 2433 vis.
377 2397 562 2432 tentorium
587 2398 661 2432 eius
684 2397 796 2432 album
819 2401 855 2430 et
876 2397 993 2431 rubris
1017 2396 1142 2441 aquilis
1165 2397 1316 2443 plenum.

351 2443 481 2477 Desilit
523 2455 567 2478 ex
603 2453 693 2488 equo
733 2443 880 2486 despota
922 2443 1119 2488 ubicunque
1147 2443 1368 2477 mandaverit
1400 2444 1603 2488 imperahor.
1651 2453 1746 2477 cum»

259 2489 410 2534 despota
427 2489 539 2523 adhuc
556 2501 643 2536 puer
659 2493 724 2533 est,
748 2488 874 2523 nullum
893 2494 1127 2532 tegumentum
1147 2490 1219 2523 sert
1239 2489 1278 2522 in
1301 2490 1417 2534 capite
1437 2491 1519 2524 dum
1539 2490 1578 2523 in
1597 2488 1727 2534 palatio

258 2540 441 2578 versatur3
476 2536 539 2569 sed
563 2540 680 2570 manet
703 2540 826 2580 aperto
853 2535 983 2582 capite.
1030 2540 1069 2569 at
1090 2535 1227 2580 quando
1253 2535 1409 2580 equitat,
1443 2540 1527 2569 tunc
1547 2536 1620 2569 fert
1650 2545 1727 2568 eum

257 2592 360 2626 quem
383 2586 487 2616 antea
510 2581 755 2627 descripsimus
777 2581 919 2627 pileum.
947 2592 1022 2615 cum
1042 2581 1091 2614 ad
1114 2581 1240 2626 ephebi
1264 2587 1414 2616 aetatem
1437 2580 1620 2627 processit,
1643 2585 1728 2614 tunc

256 2631 375 2671 gestat
398 2638 503 2672 supra
529 2628 659 2662 dictum
680 2627 807 2672 pileum
827 2627 932 2662 etiam
956 2628 993 2660 in
1018 2626 1162 2672 palatio.
1211 2627 1333 2661 diebus
1357 2627 1460 2662 festis
1482 2627 1552 2660 fert
1569 2627 1727 2660 scamni-

257 2683 335 2707 cum
359 2683 443 2706 auro
465 2678 594 2707 tectum
618 2678 655 2707 et
677 2678 857 2717 onustum,
895 2672 1079 2707 unionibus
1103 2677 1139 2707 et
1161 2673 1360 2717 margaritis
1384 2683 1471 2718 quae
1493 2671 1728 2716 gmndinatim

259 2729 399 2763 sparsas
423 2719 611 2764 appellant,
638 2719 859 2754 distinctum:
883 2719 1089 2753 cabbadium
1115 2718 1190 2752 eius
1213 2719 1362 2753 violacei
1385 2718 1443 2753 vel
1468 2717 1567 2751 rubri
1587 2717 1726 2762 coloris,

258 2763 457 2809 margaritis
487 2770 696 2810 contextum,
721 2764 821 2810 quale
843 2765 1001 2799 nimirum
1026 2776 1069 2798 ex
1092 2764 1161 2798 illis
1185 2765 1331 2809 elegerit
1353 2769 1389 2799 et
1411 2762 1602 2808 acceperit.

352 2811 651 2845 Sebastocratoris
678 2816 715 2846 et
738 2811 900 2845 Caesaris
925 2811 1105 2846 scaranica
1128 2810 1165 2844 in
1188 2811 1303 2855 festis,
1329 2810 1442 2844 adhuc
1465 2811 1694 2854 quaeruntur.

350 2854 441 2891 Pilei
463 2867 670 2902 generorum
690 2857 925 2906 imperatorin,
948 2857 981 2892 si
1003 2857 1076 2892 sint
1097 2857 1277 2903 despotae,
1305 2855 1405 2892 aurei
1427 2860 1465 2891 et
1487 2854 1643 2890 coccinei
1665 2865 1728 2889 co·-
