<?xml version="1.0" encoding="UTF-8"?>
<!DOCTYPE html PUBLIC "-//W3C//DTD XHTML 1.0 Transitional//EN"
    "http://www.w3.org/TR/xhtml1/DTD/xhtml1-transitional.dtd">
<html xmlns="http://www.w3.org/1999/xhtml" xml:lang="en" lang="en">
 <head>
  <title>
</title>
<meta http-equiv="Content-Type" content="text/html;charset=utf-8" />
  <meta name='ocr-system' content='tesseract 3.04.00' />
  <meta name='ocr-capabilities' content='ocr_page ocr_carea ocr_par ocr_line ocrx_word'/>
</head>
<body>
  <div class='ocr_page' id='page_1' title='image "./corpusscriptorum16niebuoft_0180.png"; bbox 0 0 1820 3178; ppageno 0'>
   <div class='ocr_carea' id='block_1_1' title="bbox 271 211 1500 261">
    <p class='ocr_par' dir='ltr' id='par_1_1' title="bbox 271 211 1500 261">
     <span class='ocr_line' id='line_1_1' title="bbox 271 211 1500 261; baseline 0 -2"><span class='ocrx_word' id='word_1_1' title='bbox 271 211 364 260; x_wconf 85' lang='lat'><em>164</em></span> <span class='ocrx_word' id='word_1_2' title='bbox 479 214 754 261; x_wconf 84' lang='lat' dir='ltr'><strong>GRETSERI</strong></span> <span class='ocrx_word' id='word_1_3' title='bbox 772 216 843 258; x_wconf 82' lang='lat' dir='ltr'><em>ET</em></span> <span class='ocrx_word' id='word_1_4' title='bbox 864 214 1038 259; x_wconf 86' lang='lat' dir='ltr'>GOARI</span> <span class='ocrx_word' id='word_1_5' title='bbox 1060 214 1500 261; x_wconf 80' lang='lat' dir='ltr'><strong>COMMENTARIUS</strong></span> 
     </span>
    </p>
   </div>
   <div class='ocr_carea' id='block_1_2' title="bbox 129 323 1728 2902">
    <p class='ocr_par' dir='ltr' id='par_1_2' title="bbox 129 323 1722 939">
     <span class='ocr_line' id='line_1_2' title="bbox 129 323 1718 377; baseline 0.002 -16"><span class='ocrx_word' id='word_1_6' title='bbox 129 328 153 361; x_wconf 82' lang='grc' dir='ltr'><strong>Ρ</strong></span> <span class='ocrx_word' id='word_1_7' title='bbox 180 327 246 363; x_wconf 84' lang='grc'><em>180</em></span> <span class='ocrx_word' id='word_1_8' title='bbox 269 323 460 376; x_wconf 84' lang='lat' dir='ltr'><em>proprium</em></span> <span class='ocrx_word' id='word_1_9' title='bbox 479 325 719 362; x_wconf 81' lang='lat' dir='ltr'><em>domesticum</em></span> <span class='ocrx_word' id='word_1_10' title='bbox 737 323 882 362; x_wconf 86' lang='lat' dir='ltr'><em>habere.</em></span> <span class='ocrx_word' id='word_1_11' title='bbox 910 327 991 360; x_wconf 89' lang='lat' dir='ltr'><em>erat</em></span> <span class='ocrx_word' id='word_1_12' title='bbox 1010 326 1134 361; x_wconf 85' lang='lat' dir='ltr'><em>autem</em></span> <span class='ocrx_word' id='word_1_13' title='bbox 1151 323 1372 362; x_wconf 72' lang='lat' dir='ltr'><em>domesticus</em></span> <span class='ocrx_word' id='word_1_14' title='bbox 1400 336 1495 363; x_wconf 87' lang='lat' dir='ltr'><em>unus</em></span> <span class='ocrx_word' id='word_1_15' title='bbox 1518 336 1563 362; x_wconf 89' lang='lat' dir='ltr'><em>ex</em></span> <span class='ocrx_word' id='word_1_16' title='bbox 1587 323 1718 377; x_wconf 84' lang='lat' dir='ltr'><em>psaltis</em></span> 
     </span>
     <span class='ocr_line' id='line_1_3' title="bbox 267 379 1718 434; baseline 0.002 -17"><span class='ocrx_word' id='word_1_17' title='bbox 267 394 333 418; x_wconf 86' lang='lat' dir='ltr'><em>seu</em></span> <span class='ocrx_word' id='word_1_18' title='bbox 352 381 584 429; x_wconf 80' lang='lat' dir='ltr'><em>cantoribus,</em></span> <span class='ocrx_word' id='word_1_19' title='bbox 612 386 649 418; x_wconf 87' lang='lat' dir='ltr'><em>et</em></span> <span class='ocrx_word' id='word_1_20' title='bbox 667 394 688 418; x_wconf 85' lang='lat' dir='ltr'><em>a</em></span> <span class='ocrx_word' id='word_1_21' title='bbox 703 379 939 431; x_wconf 87' lang='lat' dir='ltr'><em>protopsalta</em></span> <span class='ocrx_word' id='word_1_22' title='bbox 960 380 1145 430; x_wconf 82' lang='lat' dir='ltr'><em>proximus</em></span> <span class='ocrx_word' id='word_1_23' title='bbox 1158 407 1170 431; x_wconf 66' lang='lat'><strong><em>7</em></strong></span> <span class='ocrx_word' id='word_1_24' title='bbox 1188 380 1258 418; x_wconf 89' lang='lat' dir='ltr'><em>sub</em></span> <span class='ocrx_word' id='word_1_25' title='bbox 1284 393 1326 418; x_wconf 89' lang='lat' dir='ltr'><em>se</em></span> <span class='ocrx_word' id='word_1_26' title='bbox 1341 379 1481 420; x_wconf 87' lang='lat' dir='ltr'><em>habens</em></span> <span class='ocrx_word' id='word_1_27' title='bbox 1500 381 1590 419; x_wconf 84' lang='lat' dir='ltr'><em>alios</em></span> <span class='ocrx_word' id='word_1_28' title='bbox 1617 382 1718 434; x_wconf 87' lang='lat' dir='ltr'><em>psal-</em></span> 
     </span>
     <span class='ocr_line' id='line_1_4' title="bbox 268 436 1719 488; baseline 0.001 -13"><span class='ocrx_word' id='word_1_29' title='bbox 268 441 328 475; x_wconf 87' lang='lat' dir='ltr'><em>tas</em></span> <span class='ocrx_word' id='word_1_30' title='bbox 351 449 416 474; x_wconf 90' lang='lat' dir='ltr'><em>seu</em></span> <span class='ocrx_word' id='word_1_31' title='bbox 435 441 625 487; x_wconf 82' lang='lat' dir='ltr'><em>cantores,</em></span> <span class='ocrx_word' id='word_1_32' title='bbox 654 450 737 487; x_wconf 86' lang='lat' dir='ltr'><em>quos</em></span> <span class='ocrx_word' id='word_1_33' title='bbox 756 439 866 475; x_wconf 82' lang='lat' dir='ltr'><em>veteri</em></span> <span class='ocrx_word' id='word_1_34' title='bbox 882 436 1143 486; x_wconf 79' lang='lat' dir='ltr'><em>consuetudine,</em></span> <span class='ocrx_word' id='word_1_35' title='bbox 1172 437 1293 486; x_wconf 88' lang='lat' dir='ltr'><em>inquit</em></span> <span class='ocrx_word' id='word_1_36' title='bbox 1325 436 1458 475; x_wconf 84' lang='lat' dir='ltr'><em>Codin.</em></span> <span class='ocrx_word' id='word_1_37' title='bbox 1488 450 1519 475; x_wconf 87' lang='lat' dir='ltr'><em>c.</em></span> <span class='ocrx_word' id='word_1_38' title='bbox 1552 438 1628 488; x_wconf 85' lang='lat'><em>17,</em></span> <span class='ocrx_word' id='word_1_39' title='bbox 1654 451 1719 476; x_wconf 80' lang='lat' dir='ltr'><em>uo-</em></span> 
     </span>
     <span class='ocr_line' id='line_1_5' title="bbox 268 492 1720 544; baseline 0.001 -13"><span class='ocrx_word' id='word_1_40' title='bbox 268 497 403 531; x_wconf 76' lang='lat' dir='ltr'><em>minant</em></span> <span class='ocrx_word' id='word_1_41' title='bbox 439 497 599 542; x_wconf 83' lang='lat' dir='ltr'><em>cractas,</em></span> <span class='ocrx_word' id='word_1_42' title='bbox 643 493 713 529; x_wconf 90' lang='lat' dir='ltr'><em>hoc</em></span> <span class='ocrx_word' id='word_1_43' title='bbox 750 496 830 541; x_wconf 85' lang='lat' dir='ltr'><em>est,</em></span> <span class='ocrx_word' id='word_1_44' title='bbox 870 496 913 530; x_wconf 90' lang='lat' dir='ltr'><em>ut</em></span> <span class='ocrx_word' id='word_1_45' title='bbox 947 492 1120 530; x_wconf 85' lang='lat' dir='ltr'>Germani</span> <span class='ocrx_word' id='word_1_46' title='bbox 1141 493 1276 537; x_wconf 83' lang='lat' dir='ltr'><em>,dicere</em></span> <span class='ocrx_word' id='word_1_47' title='bbox 1322 493 1462 543; x_wconf 84' lang='lat' dir='ltr'><strong>solent,</strong></span> <span class='ocrx_word' id='word_1_48' title='bbox 1507 493 1720 544; x_wconf 70' lang='lat' dir='ltr'><em>schrailing.</em></span> 
     </span>
     <span class='ocr_line' id='line_1_6' title="bbox 268 547 1720 601; baseline 0 -13"><span class='ocrx_word' id='word_1_49' title='bbox 268 547 315 601; x_wconf 89' lang='lat'><em>3)</em></span> <span class='ocrx_word' id='word_1_50' title='bbox 333 553 582 601; x_wconf 77' lang='lat' dir='ltr'><em>protopapam,</em></span> <span class='ocrx_word' id='word_1_51' title='bbox 609 549 672 598; x_wconf 90' lang='lat' dir='ltr'><em>qui</em></span> <span class='ocrx_word' id='word_1_52' title='bbox 694 552 734 586; x_wconf 89' lang='lat' dir='ltr'><em>et</em></span> <span class='ocrx_word' id='word_1_53' title='bbox 760 549 842 600; x_wconf 89' lang='lat' dir='ltr'><em>ipse</em></span> <span class='ocrx_word' id='word_1_54' title='bbox 867 549 1065 598; x_wconf 87' lang='lat' dir='ltr'><em>aliquando</em></span> <span class='ocrx_word' id='word_1_55' title='bbox 1085 561 1180 586; x_wconf 88' lang='lat' dir='ltr'><em>unus</em></span> <span class='ocrx_word' id='word_1_56' title='bbox 1210 553 1250 587; x_wconf 83' lang='lat' dir='ltr'><em>et</em></span> <span class='ocrx_word' id='word_1_57' title='bbox 1273 548 1371 586; x_wconf 85' lang='lat' dir='ltr'><em>idem</em></span> <span class='ocrx_word' id='word_1_58' title='bbox 1398 552 1479 586; x_wconf 88' lang='lat' dir='ltr'><em>erat</em></span> <span class='ocrx_word' id='word_1_59' title='bbox 1503 548 1542 588; x_wconf 90' lang='lat' dir='ltr'><em>in</em></span> <span class='ocrx_word' id='word_1_60' title='bbox 1569 549 1720 591; x_wconf 86' lang='lat' dir='ltr'><em>ecclesia</em></span> 
     </span>
     <span class='ocr_line' id='line_1_7' title="bbox 268 603 1721 657; baseline 0.001 -14"><span class='ocrx_word' id='word_1_61' title='bbox 268 609 307 643; x_wconf 91' lang='lat' dir='ltr'><em>et</em></span> <span class='ocrx_word' id='word_1_62' title='bbox 324 606 427 655; x_wconf 76' lang='lat' dir='ltr'><em>aula,</em></span> <span class='ocrx_word' id='word_1_63' title='bbox 457 605 657 653; x_wconf 84' lang='lat' dir='ltr'><em>aliquando</em></span> <span class='ocrx_word' id='word_1_64' title='bbox 679 605 864 654; x_wconf 82' lang='lat' dir='ltr'><em>diversus,</em></span> <span class='ocrx_word' id='word_1_65' title='bbox 894 609 937 643; x_wconf 90' lang='lat' dir='ltr'><em>ut</em></span> <span class='ocrx_word' id='word_1_66' title='bbox 965 605 1054 643; x_wconf 89' lang='lat' dir='ltr'><em>dicit</em></span> <span class='ocrx_word' id='word_1_67' title='bbox 1086 606 1253 643; x_wconf 87' lang='lat' dir='ltr'><em>Codinus</em></span> <span class='ocrx_word' id='word_1_68' title='bbox 1284 617 1320 642; x_wconf 90' lang='lat' dir='ltr'><em>n.</em></span> <span class='ocrx_word' id='word_1_69' title='bbox 1349 604 1406 645; x_wconf 82' lang='lat'><em>40</em></span> <span class='ocrx_word' id='word_1_70' title='bbox 1428 605 1516 643; x_wconf 89' lang='lat' dir='ltr'><strong>ibid.</strong></span> <span class='ocrx_word' id='word_1_71' title='bbox 1563 603 1609 656; x_wconf 85' lang='lat'><em>4)</em></span> <span class='ocrx_word' id='word_1_72' title='bbox 1627 607 1721 657; x_wconf 82' lang='grc' dir='ltr'><strong><em>μαῖ’-</em></strong></span> 
     </span>
     <span class='ocr_line' id='line_1_8' title="bbox 269 660 1722 715; baseline -0.001 -13"><span class='ocrx_word' id='word_1_73' title='bbox 269 673 399 715; x_wconf 87' lang='grc' dir='ltr'><strong><em>στωρα</em></strong></span> <span class='ocrx_word' id='word_1_74' title='bbox 416 663 642 710; x_wconf 84' lang='lat' dir='ltr'><em>magistrum‚</em></span> <span class='ocrx_word' id='word_1_75' title='bbox 670 662 732 710; x_wconf 91' lang='lat' dir='ltr'><em>qui</em></span> <span class='ocrx_word' id='word_1_76' title='bbox 757 665 795 698; x_wconf 91' lang='lat' dir='ltr'><em>et</em></span> <span class='ocrx_word' id='word_1_77' title='bbox 814 662 896 713; x_wconf 87' lang='lat' dir='ltr'><em>ipse</em></span> <span class='ocrx_word' id='word_1_78' title='bbox 912 665 1051 699; x_wconf 84' lang='lat' dir='ltr'><em>cantor.</em></span> <span class='ocrx_word' id='word_1_79' title='bbox 1070 674 1101 699; x_wconf 88' lang='lat' dir='ltr'><em>c.</em></span> <span class='ocrx_word' id='word_1_80' title='bbox 1122 665 1159 702; x_wconf 89' lang='lat'><em>6.</em></span> <span class='ocrx_word' id='word_1_81' title='bbox 1208 660 1253 712; x_wconf 88' lang='lat'><em>5)</em></span> <span class='ocrx_word' id='word_1_82' title='bbox 1267 661 1518 700; x_wconf 72' lang='lat' dir='ltr'><em>canonarchas.</em></span> <span class='ocrx_word' id='word_1_83' title='bbox 1560 662 1604 713; x_wconf 88' lang='lat'><em>6)</em></span> <span class='ocrx_word' id='word_1_84' title='bbox 1627 661 1722 701; x_wconf 85' lang='lat' dir='ltr'><em>lam-</em></span> 
     </span>
     <span class='ocr_line' id='line_1_9' title="bbox 262 715 1720 770; baseline 0 -14"><span class='ocrx_word' id='word_1_85' title='bbox 262 718 478 769; x_wconf 77' lang='lat' dir='ltr'><em>padarium,</em></span> <span class='ocrx_word' id='word_1_86' title='bbox 509 717 611 754; x_wconf 88' lang='lat' dir='ltr'><em>cuius</em></span> <span class='ocrx_word' id='word_1_87' title='bbox 633 721 713 755; x_wconf 82' lang='lat' dir='ltr'><em>erat</em></span> <span class='ocrx_word' id='word_1_88' title='bbox 741 717 954 768; x_wconf 87' lang='lat' dir='ltr'><em>imperatori</em></span> <span class='ocrx_word' id='word_1_89' title='bbox 978 718 1186 770; x_wconf 82' lang='lat' dir='ltr'><strong>lampadem</strong></span> <span class='ocrx_word' id='word_1_90' title='bbox 1215 717 1411 768; x_wconf 87' lang='lat' dir='ltr'><em>praeferre.</em></span> <span class='ocrx_word' id='word_1_91' title='bbox 1466 715 1513 768; x_wconf 91' lang='lat'><em>7)</em></span> <span class='ocrx_word' id='word_1_92' title='bbox 1540 717 1720 756; x_wconf 84' lang='lat' dir='ltr'><em>archidia-</em></span> 
     </span>
     <span class='ocr_line' id='line_1_10' title="bbox 268 773 1720 823; baseline 0.001 -12"><span class='ocrx_word' id='word_1_93' title='bbox 268 787 422 811; x_wconf 87' lang='lat' dir='ltr'>conum:</span> <span class='ocrx_word' id='word_1_94' title='bbox 451 773 549 810; x_wconf 85' lang='lat' dir='ltr'><em>hune</em></span> <span class='ocrx_word' id='word_1_95' title='bbox 573 774 670 811; x_wconf 88' lang='lat' dir='ltr'><em>enim</em></span> <span class='ocrx_word' id='word_1_96' title='bbox 689 786 764 811; x_wconf 85' lang='lat' dir='ltr'><em>non</em></span> <span class='ocrx_word' id='word_1_97' title='bbox 784 774 945 812; x_wconf 87' lang='lat' dir='ltr'><em>habebat</em></span> <span class='ocrx_word' id='word_1_98' title='bbox 968 773 1140 822; x_wconf 85' lang='lat' dir='ltr'><em>ecclesia,</em></span> <span class='ocrx_word' id='word_1_99' title='bbox 1168 774 1235 810; x_wconf 86' lang='lat' dir='ltr'><em>sed</em></span> <span class='ocrx_word' id='word_1_100' title='bbox 1258 773 1360 823; x_wconf 85' lang='lat' dir='ltr'><em>aula,</em></span> <span class='ocrx_word' id='word_1_101' title='bbox 1388 776 1432 810; x_wconf 88' lang='lat' dir='ltr'><em>ut</em></span> <span class='ocrx_word' id='word_1_102' title='bbox 1472 773 1560 810; x_wconf 85' lang='lat' dir='ltr'><em>dicit</em></span> <span class='ocrx_word' id='word_1_103' title='bbox 1585 773 1720 812; x_wconf 89' lang='lat' dir='ltr'><em>Codin.</em></span> 
     </span>
     <span class='ocr_line' id='line_1_11' title="bbox 267 828 1722 880; baseline 0.001 -13"><span class='ocrx_word' id='word_1_104' title='bbox 267 830 330 867; x_wconf 92' lang='lat' dir='ltr'><em>sol.</em></span> <span class='ocrx_word' id='word_1_105' title='bbox 354 828 444 870; x_wconf 81' lang='lat'><strong>125.</strong></span> <span class='ocrx_word' id='word_1_106' title='bbox 466 830 512 867; x_wconf 93' lang='lat' dir='ltr'><em>de</em></span> <span class='ocrx_word' id='word_1_107' title='bbox 536 831 667 868; x_wconf 88' lang='lat' dir='ltr'><em>eodem</em></span> <span class='ocrx_word' id='word_1_108' title='bbox 691 830 808 868; x_wconf 81' lang='lat' dir='ltr'><em>multa</em></span> <span class='ocrx_word' id='word_1_109' title='bbox 835 830 898 869; x_wconf 86' lang='lat' dir='ltr'><em>fol.</em></span> <span class='ocrx_word' id='word_1_110' title='bbox 926 832 980 871; x_wconf 87' lang='lat'><em>96</em></span> <span class='ocrx_word' id='word_1_111' title='bbox 1013 834 1052 867; x_wconf 92' lang='lat' dir='ltr'><em>et</em></span> <span class='ocrx_word' id='word_1_112' title='bbox 1086 832 1139 870; x_wconf 84' lang='lat'><em>97</em></span> <span class='ocrx_word' id='word_1_113' title='bbox 1166 833 1204 866; x_wconf 90' lang='lat' dir='ltr'><em>et</em></span> <span class='ocrx_word' id='word_1_114' title='bbox 1232 829 1317 867; x_wconf 90' lang='lat' dir='ltr'><em>alibi</em></span> <span class='ocrx_word' id='word_1_115' title='bbox 1351 828 1508 880; x_wconf 89' lang='lat' dir='ltr'><em>passim;</em></span> <span class='ocrx_word' id='word_1_116' title='bbox 1538 832 1580 868; x_wconf 80' lang='lat' dir='ltr'><em>ut</em></span> <span class='ocrx_word' id='word_1_117' title='bbox 1606 833 1646 867; x_wconf 83' lang='lat' dir='ltr'><em>et</em></span> <span class='ocrx_word' id='word_1_118' title='bbox 1673 831 1722 868; x_wconf 86' lang='lat' dir='ltr'><em>de</em></span> 
     </span>
     <span class='ocr_line' id='line_1_12' title="bbox 269 885 1665 939; baseline 0 -15"><span class='ocrx_word' id='word_1_119' title='bbox 269 890 504 939; x_wconf 79' lang='lat' dir='ltr'><em>protopapa‚</em></span> <span class='ocrx_word' id='word_1_120' title='bbox 534 886 761 938; x_wconf 80' lang='lat' dir='ltr'><em>lampadario</em></span> <span class='ocrx_word' id='word_1_121' title='bbox 781 890 820 924; x_wconf 84' lang='lat' dir='ltr'><em>et</em></span> <span class='ocrx_word' id='word_1_122' title='bbox 838 887 991 924; x_wconf 88' lang='lat' dir='ltr'><em>caeteris</em></span> <span class='ocrx_word' id='word_1_123' title='bbox 1010 886 1218 923; x_wconf 90' lang='lat' dir='ltr'><em>ministeriis</em></span> <span class='ocrx_word' id='word_1_124' title='bbox 1242 885 1518 923; x_wconf 81' lang='lat' dir='ltr'><em>ecclesiasticis·</em></span> <span class='ocrx_word' id='word_1_125' title='bbox 1509 898 1548 922; x_wconf 90' lang='lat' dir='ltr'><em>m</em></span> <span class='ocrx_word' id='word_1_126' title='bbox 1570 885 1665 924; x_wconf 85' lang='lat' dir='ltr'><em>aula.</em></span> 
     </span>
    </p>

    <p class='ocr_par' dir='ltr' id='par_1_3' title="bbox 265 941 1724 2061">
     <span class='ocr_line' id='line_1_13' title="bbox 380 941 1719 1014; baseline 0 -36"><span class='ocrx_word' id='word_1_127' title='bbox 380 941 495 994; x_wconf 84' lang='lat' dir='ltr'>Apud</span> <span class='ocrx_word' id='word_1_128' title='bbox 513 942 670 980; x_wconf 88' lang='lat' dir='ltr'><em>Citrium</em></span> <span class='ocrx_word' id='word_1_129' title='bbox 680 950 950 1014; x_wconf 85' lang='lat' dir='ltr'><em>proponuntur</em></span> <span class='ocrx_word' id='word_1_130' title='bbox 966 943 1102 980; x_wconf 89' lang='lat' dir='ltr'><em>multae</em></span> <span class='ocrx_word' id='word_1_131' title='bbox 1122 943 1357 990; x_wconf 84' lang='lat' dir='ltr'><strong>quaestiones</strong></span> <span class='ocrx_word' id='word_1_132' title='bbox 1375 942 1423 980; x_wconf 90' lang='lat' dir='ltr'><em>de</em></span> <span class='ocrx_word' id='word_1_133' title='bbox 1447 941 1719 980; x_wconf 86' lang='lat' dir='ltr'><em>archidiacono:</em></span> 
     </span>
     <span class='ocr_line' id='line_1_14' title="bbox 267 993 1720 1068; baseline 0 -31"><span class='ocrx_word' id='word_1_134' title='bbox 267 994 313 1038; x_wconf 90' lang='grc' dir='ltr'><em>το</em></span> <span class='ocrx_word' id='word_1_135' title='bbox 323 993 648 1068; x_wconf 78' lang='grc' dir='ltr'><strong><em>ἅρχιδιακονικον</em></strong></span> <span class='ocrx_word' id='word_1_136' title='bbox 667 994 865 1050; x_wconf 83' lang='grc' dir='ltr'><strong><em>ὄφφίκιον</em></strong></span> <span class='ocrx_word' id='word_1_137' title='bbox 882 1000 1001 1046; x_wconf 87' lang='grc' dir='ltr'><strong><em>ποίας</em></strong></span> <span class='ocrx_word' id='word_1_138' title='bbox 1028 998 1108 1039; x_wconf 79' lang='grc' dir='ltr'><strong><em>ἐστὶ</em></strong></span> <span class='ocrx_word' id='word_1_139' title='bbox 1128 995 1274 1047; x_wconf 73' lang='grc' dir='ltr'><strong><em>τάξεως</em></strong></span> <span class='ocrx_word' id='word_1_140' title='bbox 1301 997 1369 1039; x_wconf 85' lang='grc' dir='ltr'><em>καὶ</em></span> <span class='ocrx_word' id='word_1_141' title='bbox 1390 998 1510 1038; x_wconf 83' lang='grc' dir='ltr'>ποίου</span> <span class='ocrx_word' id='word_1_142' title='bbox 1539 999 1720 1050; x_wconf 80' lang='grc' dir='ltr'><em>βαθμοῦ,</em></span> 
     </span>
     <span class='ocr_line' id='line_1_15' title="bbox 268 1050 1723 1122; baseline -0.001 -29"><span class='ocrx_word' id='word_1_143' title='bbox 268 1052 338 1094; x_wconf 81' lang='grc' dir='ltr'><em>καὶ</em></span> <span class='ocrx_word' id='word_1_144' title='bbox 367 1055 403 1094; x_wconf 86' lang='grc' dir='ltr'><em>εἰ</em></span> <span class='ocrx_word' id='word_1_145' title='bbox 421 1055 650 1106; x_wconf 81' lang='grc' dir='ltr'><em>προΐσταται</em></span> <span class='ocrx_word' id='word_1_146' title='bbox 673 1057 754 1095; x_wconf 76' lang='grc' dir='ltr'><strong><em>ταῖν</em></strong></span> <span class='ocrx_word' id='word_1_147' title='bbox 779 1052 885 1096; x_wconf 77' lang='grc' dir='ltr'><strong><em>ὅλων</em></strong></span> <span class='ocrx_word' id='word_1_148' title='bbox 911 1051 1107 1095; x_wconf 81' lang='grc' dir='ltr'><strong><em>διακόνων</em></strong></span> <span class='ocrx_word' id='word_1_149' title='bbox 1131 1070 1184 1102; x_wconf 83' lang='grc' dir='ltr'><em>ως</em></span> <span class='ocrx_word' id='word_1_150' title='bbox 1206 1050 1493 1122; x_wconf 79' lang='grc' dir='ltr'><strong><em>αρχιδιάκονος.</em></strong></span> <span class='ocrx_word' id='word_1_151' title='bbox 1517 1055 1723 1106; x_wconf 83' lang='lat' dir='ltr'><strong>respondet</strong></span> 
     </span>
     <span class='ocr_line' id='line_1_16' title="bbox 268 1105 1724 1182; baseline 0.002 -35"><span class='ocrx_word' id='word_1_152' title='bbox 268 1110 409 1148; x_wconf 89' lang='lat' dir='ltr'><em>Citrius</em></span> <span class='ocrx_word' id='word_1_153' title='bbox 425 1111 737 1150; x_wconf 74' lang='lat' dir='ltr'><em>arcliidiaconicum</em></span> <span class='ocrx_word' id='word_1_154' title='bbox 739 1112 930 1182; x_wconf 29' lang='lat' dir='ltr'><em>&#39;‘of-ficium</em></span> <span class='ocrx_word' id='word_1_155' title='bbox 930 1125 998 1150; x_wconf 79' lang='lat' dir='ltr'><em>non</em></span> <span class='ocrx_word' id='word_1_156' title='bbox 1018 1124 1088 1149; x_wconf 85' lang='lat' dir='ltr'><em>esse</em></span> <span class='ocrx_word' id='word_1_157' title='bbox 1110 1106 1340 1163; x_wconf 77' lang='grc' dir='ltr'><strong><em>ἄρχοντικόν</em></strong></span> <span class='ocrx_word' id='word_1_158' title='bbox 1351 1139 1362 1159; x_wconf 85' lang='grc'><strong><em>,</em></strong></span> <span class='ocrx_word' id='word_1_159' title='bbox 1391 1105 1486 1151; x_wconf 79' lang='grc' dir='ltr'>ου’δὲ</span> <span class='ocrx_word' id='word_1_160' title='bbox 1508 1109 1551 1150; x_wconf 82' lang='grc' dir='ltr'><em>ἐκ</em></span> <span class='ocrx_word' id='word_1_161' title='bbox 1569 1114 1724 1160; x_wconf 81' lang='grc' dir='ltr'><strong><em>φιλοτι-</em></strong></span> 
     </span>
     <span class='ocr_line' id='line_1_17' title="bbox 268 1162 1724 1220; baseline -0.002 -14"><span class='ocrx_word' id='word_1_162' title='bbox 268 1167 363 1218; x_wconf 81' lang='grc' dir='ltr'><strong><em>μίας</em></strong></span> <span class='ocrx_word' id='word_1_163' title='bbox 391 1162 684 1220; x_wconf 67' lang='grc' dir='ltr'><strong><em>ἀρχιερατικῆς,</em></strong></span> <span class='ocrx_word' id='word_1_164' title='bbox 716 1163 847 1219; x_wconf 67' lang='grc' dir='ltr'><strong><em>ὥσπερ</em></strong></span> <span class='ocrx_word' id='word_1_165' title='bbox 882 1164 930 1207; x_wconf 70' lang='lat' dir='ltr'><em>vd</em></span> <span class='ocrx_word' id='word_1_166' title='bbox 959 1163 1195 1218; x_wconf 81' lang='grc' dir='ltr'><strong><em>αρχοντίκια.</em></strong></span> <span class='ocrx_word' id='word_1_167' title='bbox 1252 1166 1465 1205; x_wconf 83' lang='lat' dir='ltr'><em>Bonefidius</em></span> <span class='ocrx_word' id='word_1_168' title='bbox 1489 1166 1619 1205; x_wconf 81' lang='lat' dir='ltr'><em>vertit:</em></span> <span class='ocrx_word' id='word_1_169' title='bbox 1656 1179 1724 1204; x_wconf 83' lang='lat' dir='ltr'><em>non</em></span> 
     </span>
     <span class='ocr_line' id='line_1_18' title="bbox 268 1223 1724 1274; baseline 0 -14"><span class='ocrx_word' id='word_1_170' title='bbox 268 1227 319 1260; x_wconf 84' lang='lat' dir='ltr'><em>est</em></span> <span class='ocrx_word' id='word_1_171' title='bbox 348 1224 576 1273; x_wconf 75' lang='lat' dir='ltr'><em>magistrale,</em></span> <span class='ocrx_word' id='word_1_172' title='bbox 604 1237 712 1274; x_wconf 82' lang='lat' dir='ltr'><em>neque</em></span> <span class='ocrx_word' id='word_1_173' title='bbox 737 1237 780 1261; x_wconf 76' lang='lat' dir='ltr'><em>ex</em></span> <span class='ocrx_word' id='word_1_174' title='bbox 806 1224 1018 1262; x_wconf 69' lang='lat' dir='ltr'><em>liberalitate</em></span> <span class='ocrx_word' id='word_1_175' title='bbox 1042 1224 1260 1274; x_wconf 73' lang='lat' dir='ltr'><em>pontificali,</em></span> <span class='ocrx_word' id='word_1_176' title='bbox 1284 1227 1326 1262; x_wconf 83' lang='lat' dir='ltr'><em>ut</em></span> <span class='ocrx_word' id='word_1_177' title='bbox 1345 1223 1614 1273; x_wconf 75' lang='lat' dir='ltr'><em>magisterialia.</em></span> <span class='ocrx_word' id='word_1_178' title='bbox 1642 1235 1724 1261; x_wconf 90' lang='lat' dir='ltr'><em>cor-</em></span> 
     </span>
     <span class='ocr_line' id='line_1_19' title="bbox 267 1279 1723 1330; baseline 0.001 -14"><span class='ocrx_word' id='word_1_179' title='bbox 267 1283 428 1317; x_wconf 86' lang='lat' dir='ltr'><strong>rectores</strong></span> <span class='ocrx_word' id='word_1_180' title='bbox 460 1283 713 1317; x_wconf 82' lang='lat' dir='ltr'><em>correxerunt:</em></span> <span class='ocrx_word' id='word_1_181' title='bbox 753 1281 1071 1318; x_wconf 69' lang='lat' dir='ltr'><em>archidiaconicum</em></span> <span class='ocrx_word' id='word_1_182' title='bbox 1098 1280 1248 1330; x_wconf 64' lang='lat' dir='ltr'><em>officium</em></span> <span class='ocrx_word' id='word_1_183' title='bbox 1273 1293 1342 1318; x_wconf 82' lang='lat' dir='ltr'><em>non</em></span> <span class='ocrx_word' id='word_1_184' title='bbox 1369 1283 1421 1318; x_wconf 76' lang='lat' dir='ltr'><em>est</em></span> <span class='ocrx_word' id='word_1_185' title='bbox 1453 1292 1496 1317; x_wconf 76' lang='lat' dir='ltr'><em>ex</em></span> <span class='ocrx_word' id='word_1_186' title='bbox 1523 1279 1723 1330; x_wconf 65' lang='lat' dir='ltr'><em>officialium</em></span> 
     </span>
     <span class='ocr_line' id='line_1_20' title="bbox 266 1335 1724 1386; baseline 0 -13"><span class='ocrx_word' id='word_1_187' title='bbox 266 1335 521 1385; x_wconf 72' lang='lat' dir='ltr'><em>dignitatibus,</em></span> <span class='ocrx_word' id='word_1_188' title='bbox 557 1349 618 1373; x_wconf 76' lang='lat' dir='ltr'><em>uec</em></span> <span class='ocrx_word' id='word_1_189' title='bbox 659 1336 826 1374; x_wconf 75' lang='lat' dir='ltr'><em>tribuitur</em></span> <span class='ocrx_word' id='word_1_190' title='bbox 863 1350 906 1374; x_wconf 82' lang='lat' dir='ltr'><em>ex</em></span> <span class='ocrx_word' id='word_1_191' title='bbox 938 1336 1150 1374; x_wconf 83' lang='lat' dir='ltr'><em>liberalitate</em></span> <span class='ocrx_word' id='word_1_192' title='bbox 1176 1336 1397 1386; x_wconf 81' lang='lat' dir='ltr'><em>pontificali,</em></span> <span class='ocrx_word' id='word_1_193' title='bbox 1442 1339 1486 1374; x_wconf 89' lang='lat' dir='ltr'><em>ut</em></span> <span class='ocrx_word' id='word_1_194' title='bbox 1520 1335 1724 1386; x_wconf 82' lang='lat' dir='ltr'><em>officialium</em></span> 
     </span>
     <span class='ocr_line' id='line_1_21' title="bbox 265 1392 1721 1442; baseline -0.001 -13"><span class='ocrx_word' id='word_1_195' title='bbox 265 1392 470 1441; x_wconf 79' lang='lat' dir='ltr'><em>dignitates.</em></span> <span class='ocrx_word' id='word_1_196' title='bbox 510 1392 628 1442; x_wconf 86' lang='lat' dir='ltr'><em>prima</em></span> <span class='ocrx_word' id='word_1_197' title='bbox 653 1392 772 1430; x_wconf 88' lang='lat' dir='ltr'><em>versio</em></span> <span class='ocrx_word' id='word_1_198' title='bbox 805 1393 895 1429; x_wconf 85' lang='lat' dir='ltr'><em>satis</em></span> <span class='ocrx_word' id='word_1_199' title='bbox 920 1396 979 1429; x_wconf 87' lang='lat' dir='ltr'><em>est</em></span> <span class='ocrx_word' id='word_1_200' title='bbox 1008 1393 1262 1441; x_wconf 78' lang='lat' dir='ltr'><em>magisterialis</em></span> <span class='ocrx_word' id='word_1_201' title='bbox 1293 1404 1361 1429; x_wconf 87' lang='lat' dir='ltr'><em>seu</em></span> <span class='ocrx_word' id='word_1_202' title='bbox 1389 1392 1632 1440; x_wconf 75' lang='lat' dir='ltr'><em>magistralis,</em></span> <span class='ocrx_word' id='word_1_203' title='bbox 1660 1403 1721 1430; x_wconf 88' lang='lat' dir='ltr'><em>se—</em></span> 
     </span>
     <span class='ocr_line' id='line_1_22' title="bbox 268 1443 1723 1499; baseline 0.001 -14"><span class='ocrx_word' id='word_1_204' title='bbox 268 1449 388 1486; x_wconf 83' lang='lat' dir='ltr'><em>cunda</em></span> <span class='ocrx_word' id='word_1_205' title='bbox 407 1447 519 1498; x_wconf 80' lang='lat' dir='ltr'><em>paulo</em></span> <span class='ocrx_word' id='word_1_206' title='bbox 539 1448 692 1499; x_wconf 89' lang='lat' dir='ltr'><em>propius</em></span> <span class='ocrx_word' id='word_1_207' title='bbox 712 1461 866 1499; x_wconf 86' lang='lat' dir='ltr'><em>scopum</em></span> <span class='ocrx_word' id='word_1_208' title='bbox 896 1449 1029 1498; x_wconf 81' lang='lat' dir='ltr'><em>tangit.</em></span> <span class='ocrx_word' id='word_1_209' title='bbox 1058 1448 1282 1485; x_wconf 88' lang='lat' dir='ltr'><em>archonticia</em></span> <span class='ocrx_word' id='word_1_210' title='bbox 1303 1448 1425 1486; x_wconf 85' lang='lat' dir='ltr'><em>officia</em></span> <span class='ocrx_word' id='word_1_211' title='bbox 1446 1451 1485 1486; x_wconf 85' lang='lat' dir='ltr'><em>et</em></span> <span class='ocrx_word' id='word_1_212' title='bbox 1518 1443 1723 1499; x_wconf 67' lang='grc' dir='ltr'><strong><em>ἄξιοίματα</em></strong></span> 
     </span>
     <span class='ocr_line' id='line_1_23' title="bbox 268 1500 1722 1556; baseline 0 -15"><span class='ocrx_word' id='word_1_213' title='bbox 268 1505 371 1554; x_wconf 85' lang='lat' dir='ltr'><em>apud</em></span> <span class='ocrx_word' id='word_1_214' title='bbox 394 1504 552 1541; x_wconf 87' lang='lat' dir='ltr'><em>Citrium</em></span> <span class='ocrx_word' id='word_1_215' title='bbox 566 1509 654 1541; x_wconf 90' lang='lat' dir='ltr'><em>sunt</em></span> <span class='ocrx_word' id='word_1_216' title='bbox 676 1503 736 1542; x_wconf 90' lang='lat' dir='ltr'><em>illa</em></span> <span class='ocrx_word' id='word_1_217' title='bbox 756 1517 850 1553; x_wconf 84' lang='lat' dir='ltr'><em>quae</em></span> <span class='ocrx_word' id='word_1_218' title='bbox 872 1505 955 1553; x_wconf 90' lang='lat' dir='ltr'><em>quis</em></span> <span class='ocrx_word' id='word_1_219' title='bbox 975 1505 1120 1542; x_wconf 85' lang='lat' dir='ltr'><em>obtinet</em></span> <span class='ocrx_word' id='word_1_220' title='bbox 1149 1502 1215 1544; x_wconf 79' lang='grc' dir='ltr'><strong><em>διοὶ</em></strong></span> <span class='ocrx_word' id='word_1_221' title='bbox 1233 1506 1314 1543; x_wconf 77' lang='grc' dir='ltr'><em>τῶν</em></span> <span class='ocrx_word' id='word_1_222' title='bbox 1343 1500 1623 1556; x_wconf 78' lang='grc' dir='ltr'><strong><em>οἷρχοντικίων,</em></strong></span> <span class='ocrx_word' id='word_1_223' title='bbox 1650 1503 1722 1542; x_wconf 91' lang='lat' dir='ltr'><em>hoc</em></span> 
     </span>
     <span class='ocr_line' id='line_1_24' title="bbox 268 1557 1723 1612; baseline -0.001 -15"><span class='ocrx_word' id='word_1_224' title='bbox 268 1564 329 1598; x_wconf 86' lang='lat' dir='ltr'><em>est</em></span> <span class='ocrx_word' id='word_1_225' title='bbox 344 1573 405 1610; x_wconf 85' lang='lat' dir='ltr'><em>per</em></span> <span class='ocrx_word' id='word_1_226' title='bbox 432 1561 554 1598; x_wconf 83' lang='lat' dir='ltr'><em>literas</em></span> <span class='ocrx_word' id='word_1_227' title='bbox 583 1564 616 1597; x_wconf 82' lang='lat' dir='ltr'><em>et</em></span> <span class='ocrx_word' id='word_1_228' title='bbox 643 1561 821 1598; x_wconf 80' lang='lat' dir='ltr'><em>codicillos</em></span> <span class='ocrx_word' id='word_1_229' title='bbox 848 1563 930 1601; x_wconf 75' lang='grc' dir='ltr'><strong><em>ταῖν</em></strong></span> <span class='ocrx_word' id='word_1_230' title='bbox 952 1557 1174 1612; x_wconf 68' lang='grc' dir='ltr'><strong><em>ἀρχόντων,</em></strong></span> <span class='ocrx_word' id='word_1_231' title='bbox 1198 1563 1414 1612; x_wconf 80' lang='lat' dir='ltr'><em>principum,</em></span> <span class='ocrx_word' id='word_1_232' title='bbox 1442 1561 1520 1598; x_wconf 88' lang='lat' dir='ltr'><em>sive</em></span> <span class='ocrx_word' id='word_1_233' title='bbox 1548 1560 1573 1596; x_wconf 92' lang='lat' dir='ltr'><em>ii</em></span> <span class='ocrx_word' id='word_1_234' title='bbox 1596 1563 1723 1597; x_wconf 87' lang='lat' dir='ltr'><em>essent</em></span> 
     </span>
     <span class='ocr_line' id='line_1_25' title="bbox 267 1616 1723 1668; baseline -0.001 -15"><span class='ocrx_word' id='word_1_235' title='bbox 267 1617 509 1667; x_wconf 80' lang='lat' dir='ltr'><em>imperatores</em></span> <span class='ocrx_word' id='word_1_236' title='bbox 550 1616 627 1654; x_wconf 91' lang='lat' dir='ltr'><em>sive</em></span> <span class='ocrx_word' id='word_1_237' title='bbox 657 1617 898 1668; x_wconf 83' lang='lat' dir='ltr'><em>patriarchae.</em></span> <span class='ocrx_word' id='word_1_238' title='bbox 941 1618 1145 1667; x_wconf 88' lang='lat' dir='ltr'><em>respondet</em></span> <span class='ocrx_word' id='word_1_239' title='bbox 1178 1629 1266 1666; x_wconf 88' lang='lat' dir='ltr'><em>ergo</em></span> <span class='ocrx_word' id='word_1_240' title='bbox 1306 1617 1444 1654; x_wconf 88' lang='lat' dir='ltr'><em>Citrius</em></span> <span class='ocrx_word' id='word_1_241' title='bbox 1477 1616 1723 1654; x_wconf 85' lang='lat' dir='ltr'><em>archidiaconi</em></span> 
     </span>
     <span class='ocr_line' id='line_1_26' title="bbox 267 1672 1722 1725; baseline 0 -15"><span class='ocrx_word' id='word_1_242' title='bbox 267 1673 427 1710; x_wconf 85' lang='lat' dir='ltr'><em>officium</em></span> <span class='ocrx_word' id='word_1_243' title='bbox 451 1685 527 1711; x_wconf 90' lang='lat' dir='ltr'><em>non</em></span> <span class='ocrx_word' id='word_1_244' title='bbox 551 1686 633 1711; x_wconf 89' lang='lat' dir='ltr'><em>esse</em></span> <span class='ocrx_word' id='word_1_245' title='bbox 661 1673 839 1711; x_wconf 89' lang='lat' dir='ltr'><em>eiusmodi</em></span> <span class='ocrx_word' id='word_1_246' title='bbox 865 1674 966 1723; x_wconf 88' lang='lat' dir='ltr'><em>quod</em></span> <span class='ocrx_word' id='word_1_247' title='bbox 991 1685 1058 1725; x_wconf 89' lang='lat' dir='ltr'><em>per</em></span> <span class='ocrx_word' id='word_1_248' title='bbox 1082 1673 1299 1712; x_wconf 74' lang='lat' dir='ltr'><em>archonticia</em></span> <span class='ocrx_word' id='word_1_249' title='bbox 1327 1674 1557 1723; x_wconf 85' lang='lat' dir='ltr'><em>conferatur,</em></span> <span class='ocrx_word' id='word_1_250' title='bbox 1580 1685 1647 1710; x_wconf 89' lang='lat' dir='ltr'><em>seu</em></span> <span class='ocrx_word' id='word_1_251' title='bbox 1674 1672 1722 1710; x_wconf 84' lang='lat' dir='ltr'><em>ab</em></span> 
     </span>
     <span class='ocr_line' id='line_1_27' title="bbox 265 1729 1722 1796; baseline -0.001 -30"><span class='ocrx_word' id='word_1_252' title='bbox 265 1730 489 1780; x_wconf 87' lang='lat' dir='ltr'><em>imperatore</em></span> <span class='ocrx_word' id='word_1_253' title='bbox 507 1741 572 1766; x_wconf 89' lang='lat' dir='ltr'><em>seu</em></span> <span class='ocrx_word' id='word_1_254' title='bbox 593 1743 616 1766; x_wconf 84' lang='lat' dir='ltr'><em>a</em></span> <span class='ocrx_word' id='word_1_255' title='bbox 644 1730 872 1780; x_wconf 80' lang='lat' dir='ltr'><em>patriarcha,</em></span> <span class='ocrx_word' id='word_1_256' title='bbox 899 1731 967 1767; x_wconf 89' lang='lat' dir='ltr'><em>sed</em></span> <span class='ocrx_word' id='word_1_257' title='bbox 997 1741 1078 1767; x_wconf 90' lang='lat' dir='ltr'><em>esse</em></span> <span class='ocrx_word' id='word_1_258' title='bbox 1111 1729 1211 1780; x_wconf 84' lang='lat' dir='ltr'><em>longi</em></span> <span class='ocrx_word' id='word_1_259' title='bbox 1232 1729 1409 1796; x_wconf 87' lang='lat' dir='ltr'><em>temporis</em></span> <span class='ocrx_word' id='word_1_260' title='bbox 1438 1733 1476 1766; x_wconf 92' lang='lat' dir='ltr'><em>et</em></span> <span class='ocrx_word' id='word_1_261' title='bbox 1500 1741 1636 1780; x_wconf 83' lang='lat' dir='ltr'><em>operae</em></span> <span class='ocrx_word' id='word_1_262' title='bbox 1659 1729 1722 1766; x_wconf 90' lang='lat' dir='ltr'><em>diu</em></span> 
     </span>
     <span class='ocr_line' id='line_1_28' title="bbox 268 1781 1723 1838; baseline 0.001 -16"><span class='ocrx_word' id='word_1_263' title='bbox 268 1786 470 1836; x_wconf 84' lang='lat' dir='ltr'><em>praestitae</em></span> <span class='ocrx_word' id='word_1_264' title='bbox 490 1786 593 1834; x_wconf 87' lang='lat' dir='ltr'><em>quasi</em></span> <span class='ocrx_word' id='word_1_265' title='bbox 614 1788 962 1824; x_wconf 88' lang='lat' dir='ltr'><em>remunerationem:</em></span> <span class='ocrx_word' id='word_1_266' title='bbox 986 1783 1049 1826; x_wconf 80' lang='grc' dir='ltr'><strong><em>διό</em></strong></span> <span class='ocrx_word' id='word_1_267' title='bbox 1074 1785 1141 1826; x_wconf 75' lang='grc' dir='ltr'><em>καὶ</em></span> <span class='ocrx_word' id='word_1_268' title='bbox 1158 1786 1212 1834; x_wconf 73' lang='grc' dir='ltr'><em>ὥς</em></span> <span class='ocrx_word' id='word_1_269' title='bbox 1226 1781 1372 1838; x_wconf 83' lang='grc' dir='ltr'><strong><em>χρόνου</em></strong></span> <span class='ocrx_word' id='word_1_270' title='bbox 1388 1784 1455 1825; x_wconf 79' lang='grc' dir='ltr'><em>καὶ</em></span> <span class='ocrx_word' id='word_1_271' title='bbox 1474 1785 1580 1825; x_wconf 82' lang='grc' dir='ltr'><em>ἰδίου</em></span> <span class='ocrx_word' id='word_1_272' title='bbox 1596 1782 1723 1825; x_wconf 80' lang='grc' dir='ltr'><strong><em>τόπου</em></strong></span> 
     </span>
     <span class='ocr_line' id='line_1_29' title="bbox 268 1837 1721 1910; baseline 0 -30"><span class='ocrx_word' id='word_1_273' title='bbox 268 1840 435 1910; x_wconf 77' lang='grc' dir='ltr'><strong><em>ὃωρημα</em></strong></span> <span class='ocrx_word' id='word_1_274' title='bbox 465 1857 485 1882; x_wconf 96' lang='grc' dir='ltr'>ο</span> <span class='ocrx_word' id='word_1_275' title='bbox 519 1838 795 1910; x_wconf 76' lang='grc' dir='ltr'><strong><em>ἆρχιδιακονος</em></strong></span> <span class='ocrx_word' id='word_1_276' title='bbox 827 1842 902 1894; x_wconf 76' lang='grc' dir='ltr'><strong><em>ἔχει</em></strong></span> <span class='ocrx_word' id='word_1_277' title='bbox 934 1840 1002 1882; x_wconf 85' lang='grc' dir='ltr'><em>καὶ</em></span> <span class='ocrx_word' id='word_1_278' title='bbox 1030 1838 1105 1894; x_wconf 82' lang='grc' dir='ltr'><em>τὴν</em></span> <span class='ocrx_word' id='word_1_279' title='bbox 1129 1839 1331 1894; x_wconf 70' lang='grc' dir='ltr'><em>’ὑπεροχὴν</em></span> <span class='ocrx_word' id='word_1_280' title='bbox 1359 1841 1424 1882; x_wconf 81' lang='grc' dir='ltr'><em>ἐπὶ</em></span> <span class='ocrx_word' id='word_1_281' title='bbox 1450 1837 1612 1887; x_wconf 77' lang='grc' dir='ltr'><strong><em>πάντων</em></strong></span> <span class='ocrx_word' id='word_1_282' title='bbox 1639 1843 1721 1881; x_wconf 77' lang='grc' dir='ltr'><em>τοῖν</em></span> 
     </span>
     <span class='ocr_line' id='line_1_30' title="bbox 268 1892 1721 1969; baseline 0 -33"><span class='ocrx_word' id='word_1_283' title='bbox 268 1895 488 1943; x_wconf 84' lang='grc' dir='ltr'><strong><em>διακόνων,</em></strong></span> <span class='ocrx_word' id='word_1_284' title='bbox 513 1898 588 1938; x_wconf 80' lang='grc' dir='ltr'><strong><em>εἴτε</em></strong></span> <span class='ocrx_word' id='word_1_285' title='bbox 601 1893 864 1969; x_wconf 63' lang='grc' dir='ltr'><strong><em>ἅρχοντικίοις</em></strong></span> <span class='ocrx_word' id='word_1_286' title='bbox 882 1896 1114 1939; x_wconf 78' lang='grc' dir='ltr'>ὁποιοισοῦν</span> <span class='ocrx_word' id='word_1_287' title='bbox 1139 1899 1363 1949; x_wconf 81' lang='grc' dir='ltr'><strong><em>τετίμηνται</em></strong></span> <span class='ocrx_word' id='word_1_288' title='bbox 1385 1897 1460 1938; x_wconf 80' lang='grc' dir='ltr'><strong><em>εἴτε</em></strong></span> <span class='ocrx_word' id='word_1_289' title='bbox 1479 1895 1548 1937; x_wconf 85' lang='grc' dir='ltr'><em>καὶ</em></span> <span class='ocrx_word' id='word_1_290' title='bbox 1568 1892 1626 1949; x_wconf 83' lang='grc' dir='ltr'><em>μή</em></span> <span class='ocrx_word' id='word_1_291' title='bbox 1638 1927 1650 1947; x_wconf 92' lang='grc'><strong><em>,</em></strong></span> <span class='ocrx_word' id='word_1_292' title='bbox 1677 1895 1721 1936; x_wconf 75' lang='grc' dir='ltr'><em>ἕν</em></span> 
     </span>
     <span class='ocr_line' id='line_1_31' title="bbox 266 1949 1721 2009; baseline 0 -16"><span class='ocrx_word' id='word_1_293' title='bbox 266 1967 308 1992; x_wconf 83' lang='grc' dir='ltr'><em>τε</em></span> <span class='ocrx_word' id='word_1_294' title='bbox 326 1956 385 1993; x_wconf 80' lang='grc' dir='ltr'><em>ταῖ</em></span> <span class='ocrx_word' id='word_1_295' title='bbox 398 1956 505 2008; x_wconf 76' lang='grc' dir='ltr'><strong><em>ναῷ,</em></strong></span> <span class='ocrx_word' id='word_1_296' title='bbox 535 1953 579 1994; x_wconf 81' lang='grc' dir='ltr'><em>ἐν</em></span> <span class='ocrx_word' id='word_1_297' title='bbox 599 1956 654 2008; x_wconf 79' lang='grc' dir='ltr'><em>τῷ</em></span> <span class='ocrx_word' id='word_1_298' title='bbox 675 1953 774 2009; x_wconf 75' lang='grc' dir='ltr'><em>ᾰγίω</em></span> <span class='ocrx_word' id='word_1_299' title='bbox 794 1951 964 2007; x_wconf 81' lang='grc' dir='ltr'><strong><em>βήματι,</em></strong></span> <span class='ocrx_word' id='word_1_300' title='bbox 994 1952 1062 1994; x_wconf 80' lang='grc' dir='ltr'><em>καὶ</em></span> <span class='ocrx_word' id='word_1_301' title='bbox 1091 1953 1135 1995; x_wconf 80' lang='grc' dir='ltr'><em>ἐν</em></span> <span class='ocrx_word' id='word_1_302' title='bbox 1163 1956 1215 2008; x_wconf 79' lang='grc' dir='ltr'><em>τῇ</em></span> <span class='ocrx_word' id='word_1_303' title='bbox 1237 1949 1457 2006; x_wconf 79' lang='grc' dir='ltr'><strong><em>μεταλήψει</em></strong></span> <span class='ocrx_word' id='word_1_304' title='bbox 1482 1967 1565 1993; x_wconf 86' lang='grc' dir='ltr'><em>των</em></span> <span class='ocrx_word' id='word_1_305' title='bbox 1591 1953 1721 1994; x_wconf 79' lang='grc' dir='ltr'><strong><em>θείων</em></strong></span> 
     </span>
     <span class='ocr_line' id='line_1_32' title="bbox 265 2010 505 2061; baseline 0.004 -13"><span class='ocrx_word' id='word_1_306' title='bbox 265 2010 505 2061; x_wconf 79' lang='grc' dir='ltr'><strong><em>μυστηρίων.</em></strong></span> 
     </span>
    </p>

    <p class='ocr_par' dir='ltr' id='par_1_4' title="bbox 265 2063 1728 2902">
     <span class='ocr_line' id='line_1_33' title="bbox 379 2063 1720 2117; baseline 0.001 -15"><span class='ocrx_word' id='word_1_307' title='bbox 379 2066 597 2110; x_wconf 79' lang='lat' dir='ltr'><em>Quaesitum</em></span> <span class='ocrx_word' id='word_1_308' title='bbox 618 2077 768 2115; x_wconf 90' lang='lat' dir='ltr'><em>quoque</em></span> <span class='ocrx_word' id='word_1_309' title='bbox 784 2066 906 2104; x_wconf 87' lang='lat' dir='ltr'><em>fuerat</em></span> <span class='ocrx_word' id='word_1_310' title='bbox 929 2078 1018 2103; x_wconf 89' lang='lat' dir='ltr'><em>num</em></span> <span class='ocrx_word' id='word_1_311' title='bbox 1032 2063 1241 2116; x_wconf 86' lang='lat' dir='ltr'><em>patriarcha</em></span> <span class='ocrx_word' id='word_1_312' title='bbox 1263 2068 1391 2117; x_wconf 87' lang='lat' dir='ltr'><em>posset</em></span> <span class='ocrx_word' id='word_1_313' title='bbox 1415 2077 1483 2117; x_wconf 88' lang='lat' dir='ltr'><em>per</em></span> <span class='ocrx_word' id='word_1_314' title='bbox 1505 2063 1585 2102; x_wconf 88' lang='lat' dir='ltr'><em>sola</em></span> <span class='ocrx_word' id='word_1_315' title='bbox 1604 2067 1720 2116; x_wconf 74' lang='lat' dir='ltr'><em>pitta-</em></span> 
     </span>
     <span class='ocr_line' id='line_1_34' title="bbox 271 2121 1720 2173; baseline -0.001 -14"><span class='ocrx_word' id='word_1_316' title='bbox 271 2124 327 2159; x_wconf 81' lang='lat' dir='ltr'><em>cia</em></span> <span class='ocrx_word' id='word_1_317' title='bbox 346 2126 384 2158; x_wconf 91' lang='lat' dir='ltr'><em>et</em></span> <span class='ocrx_word' id='word_1_318' title='bbox 402 2123 538 2172; x_wconf 76' lang='lat' dir='ltr'><em>brevia,</em></span> <span class='ocrx_word' id='word_1_319' title='bbox 567 2126 606 2159; x_wconf 90' lang='lat' dir='ltr'><em>et</em></span> <span class='ocrx_word' id='word_1_320' title='bbox 625 2124 801 2159; x_wconf 82' lang='lat' dir='ltr'><em>mandato</em></span> <span class='ocrx_word' id='word_1_321' title='bbox 821 2135 902 2171; x_wconf 85' lang='lat' dir='ltr'><em>suo,</em></span> <span class='ocrx_word' id='word_1_322' title='bbox 921 2122 1106 2173; x_wconf 87' lang='lat' dir='ltr'><em>praeferre</em></span> <span class='ocrx_word' id='word_1_323' title='bbox 1135 2121 1277 2170; x_wconf 83' lang='lat' dir='ltr'><em>aliquos</em></span> <span class='ocrx_word' id='word_1_324' title='bbox 1302 2122 1402 2159; x_wconf 91' lang='lat' dir='ltr'><em>nullo</em></span> <span class='ocrx_word' id='word_1_325' title='bbox 1430 2122 1549 2159; x_wconf 83' lang='lat' dir='ltr'><em>officio</em></span> <span class='ocrx_word' id='word_1_326' title='bbox 1565 2121 1720 2171; x_wconf 81' lang='lat' dir='ltr'><em>insigni-</em></span> 
     </span>
     <span class='ocr_line' id='line_1_35' title="bbox 270 2177 1719 2228; baseline 0 -14"><span class='ocrx_word' id='word_1_327' title='bbox 270 2181 329 2214; x_wconf 84' lang='lat' dir='ltr'><em>tos</em></span> <span class='ocrx_word' id='word_1_328' title='bbox 352 2177 420 2215; x_wconf 93' lang='lat' dir='ltr'><em>illis</em></span> <span class='ocrx_word' id='word_1_329' title='bbox 445 2179 508 2226; x_wconf 90' lang='lat' dir='ltr'><em>qui</em></span> <span class='ocrx_word' id='word_1_330' title='bbox 528 2179 668 2227; x_wconf 85' lang='lat' dir='ltr'><em>priores</em></span> <span class='ocrx_word' id='word_1_331' title='bbox 693 2179 859 2226; x_wconf 80' lang='lat' dir='ltr'><em>fuerant,</em></span> <span class='ocrx_word' id='word_1_332' title='bbox 890 2178 989 2215; x_wconf 88' lang='lat' dir='ltr'><em>nullo</em></span> <span class='ocrx_word' id='word_1_333' title='bbox 1017 2182 1140 2215; x_wconf 85' lang='lat' dir='ltr'><em>tamen</em></span> <span class='ocrx_word' id='word_1_334' title='bbox 1165 2179 1236 2228; x_wconf 91' lang='lat' dir='ltr'><em>ipsi</em></span> <span class='ocrx_word' id='word_1_335' title='bbox 1265 2179 1375 2216; x_wconf 89' lang='lat' dir='ltr'><em>etiam</em></span> <span class='ocrx_word' id='word_1_336' title='bbox 1400 2178 1519 2215; x_wconf 84' lang='lat' dir='ltr'><em>officio</em></span> <span class='ocrx_word' id='word_1_337' title='bbox 1545 2178 1719 2215; x_wconf 88' lang='lat' dir='ltr'><em>decorati.</em></span> 
     </span>
     <span class='ocr_line' id='line_1_36' title="bbox 268 2233 1720 2286; baseline 0 -16"><span class='ocrx_word' id='word_1_338' title='bbox 268 2235 473 2284; x_wconf 87' lang='lat' dir='ltr'><em>respondet</em></span> <span class='ocrx_word' id='word_1_339' title='bbox 506 2234 644 2271; x_wconf 88' lang='lat' dir='ltr'><em>Citrius</em></span> <span class='ocrx_word' id='word_1_340' title='bbox 682 2233 753 2271; x_wconf 89' lang='lat' dir='ltr'><em>hoc</em></span> <span class='ocrx_word' id='word_1_341' title='bbox 790 2234 900 2284; x_wconf 85' lang='lat' dir='ltr'><em>plane</em></span> <span class='ocrx_word' id='word_1_342' title='bbox 939 2247 1020 2272; x_wconf 86' lang='lat' dir='ltr'><em>esse</em></span> <span class='ocrx_word' id='word_1_343' title='bbox 1051 2234 1343 2285; x_wconf 78' lang='lat' dir='ltr'><em>intolerandum,</em></span> <span class='ocrx_word' id='word_1_344' title='bbox 1387 2238 1431 2271; x_wconf 92' lang='lat' dir='ltr'><em>ut</em></span> <span class='ocrx_word' id='word_1_345' title='bbox 1466 2234 1720 2286; x_wconf 87' lang='lat' dir='ltr'><em>praeferantur</em></span> 
     </span>
     <span class='ocr_line' id='line_1_37' title="bbox 268 2289 1720 2341; baseline 0.001 -16"><span class='ocrx_word' id='word_1_346' title='bbox 268 2289 381 2338; x_wconf 84' lang='lat' dir='ltr'><em>aliqui</em></span> <span class='ocrx_word' id='word_1_347' title='bbox 435 2290 618 2340; x_wconf 71' lang='lat' dir='ltr'><em>prioribus</em></span> <span class='ocrx_word' id='word_1_348' title='bbox 667 2302 733 2341; x_wconf 89' lang='lat' dir='ltr'><em>per</em></span> <span class='ocrx_word' id='word_1_349' title='bbox 766 2293 942 2339; x_wconf 79' lang='lat' dir='ltr'><em>pittacia,</em></span> <span class='ocrx_word' id='word_1_350' title='bbox 993 2290 1157 2337; x_wconf 84' lang='lat' dir='ltr'><em>etiamsi,</em></span> <span class='ocrx_word' id='word_1_351' title='bbox 1206 2291 1269 2338; x_wconf 88' lang='lat' dir='ltr'><em>qui</em></span> <span class='ocrx_word' id='word_1_352' title='bbox 1327 2291 1604 2341; x_wconf 83' lang='lat' dir='ltr'><em>praeferantur,</em></span> <span class='ocrx_word' id='word_1_353' title='bbox 1651 2289 1720 2327; x_wconf 89' lang='lat' dir='ltr'><em>ha-</em></span> 
     </span>
     <span class='ocr_line' id='line_1_38' title="bbox 269 2345 1719 2396; baseline 0.001 -15"><span class='ocrx_word' id='word_1_354' title='bbox 269 2346 384 2383; x_wconf 83' lang='lat' dir='ltr'><em>beant</em></span> <span class='ocrx_word' id='word_1_355' title='bbox 420 2345 555 2391; x_wconf 83' lang='lat' dir='ltr'><em>officia3</em></span> <span class='ocrx_word' id='word_1_356' title='bbox 594 2347 660 2384; x_wconf 90' lang='lat' dir='ltr'><em>sed</em></span> <span class='ocrx_word' id='word_1_357' title='bbox 700 2345 899 2394; x_wconf 89' lang='lat' dir='ltr'><em>quemlibet</em></span> <span class='ocrx_word' id='word_1_358' title='bbox 930 2347 967 2382; x_wconf 89' lang='lat' dir='ltr'><em>in</em></span> <span class='ocrx_word' id='word_1_359' title='bbox 995 2346 1076 2384; x_wconf 90' lang='lat' dir='ltr'><em>loco</em></span> <span class='ocrx_word' id='word_1_360' title='bbox 1108 2350 1147 2384; x_wconf 92' lang='lat' dir='ltr'><em>et</em></span> <span class='ocrx_word' id='word_1_361' title='bbox 1173 2347 1335 2384; x_wconf 89' lang='lat' dir='ltr'><em>statione</em></span> <span class='ocrx_word' id='word_1_362' title='bbox 1371 2359 1458 2396; x_wconf 78' lang='lat' dir='ltr'><em>sua,</em></span> <span class='ocrx_word' id='word_1_363' title='bbox 1491 2358 1603 2395; x_wconf 86' lang='lat' dir='ltr'><em>quam</em></span> <span class='ocrx_word' id='word_1_364' title='bbox 1625 2349 1719 2383; x_wconf 89' lang='lat' dir='ltr'><em>tem-</em></span> 
     </span>
     <span class='ocr_line' id='line_1_39' title="bbox 271 2396 1718 2454; baseline 0.001 -16"><span class='ocrx_word' id='word_1_365' title='bbox 271 2414 362 2451; x_wconf 82' lang='lat' dir='ltr'><em>pore</em></span> <span class='ocrx_word' id='word_1_366' title='bbox 388 2402 603 2451; x_wconf 81' lang='lat' dir='ltr'><em>acquisivit,</em></span> <span class='ocrx_word' id='word_1_367' title='bbox 642 2401 922 2450; x_wconf 88' lang='lat' dir='ltr'><em>relinquendum</em></span> <span class='ocrx_word' id='word_1_368' title='bbox 949 2414 1049 2439; x_wconf 86' lang='lat' dir='ltr'><em>esse.</em></span> <span class='ocrx_word' id='word_1_369' title='bbox 1079 2401 1108 2454; x_wconf 79' lang='grc' dir='ltr'><em>ἦ</em></span> <span class='ocrx_word' id='word_1_370' title='bbox 1134 2418 1209 2454; x_wconf 79' lang='grc' dir='ltr'><em>γαρ</em></span> <span class='ocrx_word' id='word_1_371' title='bbox 1242 2396 1350 2450; x_wconf 74' lang='grc' dir='ltr'><strong><em>τάξις</em></strong></span> <span class='ocrx_word' id='word_1_372' title='bbox 1379 2402 1448 2442; x_wconf 85' lang='grc' dir='ltr'><em>καὶ</em></span> <span class='ocrx_word' id='word_1_373' title='bbox 1477 2400 1611 2448; x_wconf 73' lang='grc' dir='ltr'><strong><em>στάσις</em></strong></span> <span class='ocrx_word' id='word_1_374' title='bbox 1637 2415 1718 2440; x_wconf 82' lang='grc' dir='ltr'><em>των</em></span> 
     </span>
     <span class='ocr_line' id='line_1_40' title="bbox 271 2453 1719 2522; baseline 0.001 -27"><span class='ocrx_word' id='word_1_375' title='bbox 271 2453 471 2498; x_wconf 82' lang='grc' dir='ltr'><strong><em>διακόνων</em></strong></span> <span class='ocrx_word' id='word_1_376' title='bbox 493 2460 548 2512; x_wconf 81' lang='grc' dir='ltr'><em>τῷ</em></span> <span class='ocrx_word' id='word_1_377' title='bbox 565 2453 694 2509; x_wconf 82' lang='grc' dir='ltr'><strong><em>χρόνῳ</em></strong></span> <span class='ocrx_word' id='word_1_378' title='bbox 718 2458 950 2507; x_wconf 68' lang='grc' dir='ltr'><strong><em>ῥυθμίζεται</em></strong></span> <span class='ocrx_word' id='word_1_379' title='bbox 971 2458 1035 2496; x_wconf 83' lang='grc' dir='ltr'><em>καὶ</em></span> <span class='ocrx_word' id='word_1_380' title='bbox 1051 2459 1293 2522; x_wconf 77' lang='grc' dir='ltr'><strong><em>στηρίζεται,</em></strong></span> <span class='ocrx_word' id='word_1_381' title='bbox 1320 2457 1388 2497; x_wconf 82' lang='grc' dir='ltr'><strong><em>και</em></strong></span> <span class='ocrx_word' id='word_1_382' title='bbox 1410 2458 1514 2498; x_wconf 77' lang='grc' dir='ltr'><strong><em>ἔστιν</em></strong></span> <span class='ocrx_word' id='word_1_383' title='bbox 1539 2453 1719 2504; x_wconf 83' lang='grc' dir='ltr'><strong><em>αμετακί-</em></strong></span> 
     </span>
     <span class='ocr_line' id='line_1_41' title="bbox 270 2513 1718 2564; baseline -0.001 -13"><span class='ocrx_word' id='word_1_384' title='bbox 270 2527 411 2564; x_wconf 79' lang='grc' dir='ltr'><strong><em>νητος,</em></strong></span> <span class='ocrx_word' id='word_1_385' title='bbox 436 2514 558 2563; x_wconf 89' lang='lat' dir='ltr'><em>inquit</em></span> <span class='ocrx_word' id='word_1_386' title='bbox 576 2514 731 2559; x_wconf 81' lang='lat' dir='ltr'><em>Citrius3</em></span> <span class='ocrx_word' id='word_1_387' title='bbox 762 2513 823 2562; x_wconf 87' lang='lat' dir='ltr'><em>qui</em></span> <span class='ocrx_word' id='word_1_388' title='bbox 845 2518 882 2550; x_wconf 85' lang='lat' dir='ltr'><em>et</em></span> <span class='ocrx_word' id='word_1_389' title='bbox 904 2514 1009 2551; x_wconf 84' lang='lat' dir='ltr'><em>addit</em></span> <span class='ocrx_word' id='word_1_390' title='bbox 1029 2515 1060 2551; x_wconf 91' lang='lat' dir='ltr'><em>ei</em></span> <span class='ocrx_word' id='word_1_391' title='bbox 1079 2515 1141 2562; x_wconf 91' lang='lat' dir='ltr'><em>qui</em></span> <span class='ocrx_word' id='word_1_392' title='bbox 1159 2516 1382 2552; x_wconf 73' lang='lat' dir='ltr'><em>archonticiis</em></span> <span class='ocrx_word' id='word_1_393' title='bbox 1397 2527 1462 2551; x_wconf 92' lang='lat' dir='ltr'><em>seu</em></span> <span class='ocrx_word' id='word_1_394' title='bbox 1475 2514 1632 2552; x_wconf 76' lang='lat' dir='ltr'><em>brevibus</em></span> <span class='ocrx_word' id='word_1_395' title='bbox 1649 2513 1718 2550; x_wconf 88' lang='lat' dir='ltr'><em>hu-</em></span> 
     </span>
     <span class='ocr_line' id='line_1_42' title="bbox 270 2568 1716 2621; baseline 0 -16"><span class='ocrx_word' id='word_1_396' title='bbox 270 2568 427 2611; x_wconf 87' lang='lat' dir='ltr'><em>iusmodi</em></span> <span class='ocrx_word' id='word_1_397' title='bbox 446 2570 648 2608; x_wconf 86' lang='lat' dir='ltr'><em>honoratus</em></span> <span class='ocrx_word' id='word_1_398' title='bbox 670 2573 746 2618; x_wconf 85' lang='lat' dir='ltr'><em>est,</em></span> <span class='ocrx_word' id='word_1_399' title='bbox 773 2569 863 2607; x_wconf 87' lang='lat' dir='ltr'><em>satis</em></span> <span class='ocrx_word' id='word_1_400' title='bbox 881 2582 962 2606; x_wconf 83' lang='lat' dir='ltr'><em>esse</em></span> <span class='ocrx_word' id='word_1_401' title='bbox 983 2574 1025 2606; x_wconf 92' lang='lat' dir='ltr'><em>ut</em></span> <span class='ocrx_word' id='word_1_402' title='bbox 1047 2572 1196 2618; x_wconf 89' lang='lat' dir='ltr'><em>quando</em></span> <span class='ocrx_word' id='word_1_403' title='bbox 1225 2570 1435 2621; x_wconf 87' lang='lat' dir='ltr'><em>patriarcha</em></span> <span class='ocrx_word' id='word_1_404' title='bbox 1452 2583 1518 2608; x_wconf 90' lang='lat' dir='ltr'><em>seu</em></span> <span class='ocrx_word' id='word_1_405' title='bbox 1550 2569 1716 2621; x_wconf 81' lang='lat' dir='ltr'><em>pontifex</em></span> 
     </span>
     <span class='ocr_line' id='line_1_43' title="bbox 265 2623 1716 2679; baseline -0.001 -17"><span class='ocrx_word' id='word_1_406' title='bbox 265 2637 343 2663; x_wconf 88' lang='lat' dir='ltr'><em>rem</em></span> <span class='ocrx_word' id='word_1_407' title='bbox 371 2623 531 2664; x_wconf 85' lang='lat' dir='ltr'><em>divinam</em></span> <span class='ocrx_word' id='word_1_408' title='bbox 560 2627 670 2675; x_wconf 79' lang='lat' dir='ltr'><em>facit,</em></span> <span class='ocrx_word' id='word_1_409' title='bbox 707 2626 756 2663; x_wconf 87' lang='lat' dir='ltr'><em>sit</em></span> <span class='ocrx_word' id='word_1_410' title='bbox 784 2627 865 2675; x_wconf 88' lang='lat' dir='ltr'><em>ipse</em></span> <span class='ocrx_word' id='word_1_411' title='bbox 895 2626 1032 2675; x_wconf 85' lang='lat' dir='ltr'><em>primus</em></span> <span class='ocrx_word' id='word_1_412' title='bbox 1069 2626 1110 2666; x_wconf 81' lang='grc' dir='ltr'><em>ἐν</em></span> <span class='ocrx_word' id='word_1_413' title='bbox 1140 2629 1190 2679; x_wconf 81' lang='grc' dir='ltr'><em>τῇ</em></span> <span class='ocrx_word' id='word_1_414' title='bbox 1223 2624 1384 2678; x_wconf 80' lang='grc' dir='ltr'><strong><em>εἰσόδῳ,</em></strong></span> <span class='ocrx_word' id='word_1_415' title='bbox 1414 2629 1450 2664; x_wconf 83' lang='lat' dir='ltr'><em>in</em></span> <span class='ocrx_word' id='word_1_416' title='bbox 1476 2629 1635 2675; x_wconf 76' lang='lat' dir='ltr'><em>ingressu</em></span> <span class='ocrx_word' id='word_1_417' title='bbox 1666 2625 1716 2662; x_wconf 89' lang='lat' dir='ltr'><em>ad</em></span> 
     </span>
     <span class='ocr_line' id='line_1_44' title="bbox 270 2681 1717 2732; baseline 0 -14"><span class='ocrx_word' id='word_1_418' title='bbox 270 2681 410 2730; x_wconf 84' lang='lat' dir='ltr'><em>altare,</em></span> <span class='ocrx_word' id='word_1_419' title='bbox 439 2695 505 2719; x_wconf 88' lang='lat' dir='ltr'><em>seu</em></span> <span class='ocrx_word' id='word_1_420' title='bbox 527 2683 565 2719; x_wconf 90' lang='lat' dir='ltr'><em>in</em></span> <span class='ocrx_word' id='word_1_421' title='bbox 588 2683 641 2719; x_wconf 90' lang='lat' dir='ltr'><em>itu</em></span> <span class='ocrx_word' id='word_1_422' title='bbox 660 2685 698 2719; x_wconf 91' lang='lat' dir='ltr'><em>et</em></span> <span class='ocrx_word' id='word_1_423' title='bbox 715 2682 750 2718; x_wconf 90' lang='lat' dir='ltr'><em>in</em></span> <span class='ocrx_word' id='word_1_424' title='bbox 771 2682 1008 2732; x_wconf 86' lang='lat' dir='ltr'><em>perceptione</em></span> <span class='ocrx_word' id='word_1_425' title='bbox 1033 2683 1238 2720; x_wconf 84' lang='lat' dir='ltr'><em>divinorum</em></span> <span class='ocrx_word' id='word_1_426' title='bbox 1261 2683 1526 2732; x_wconf 85' lang='lat' dir='ltr'><em>mysteriorum.</em></span> <span class='ocrx_word' id='word_1_427' title='bbox 1553 2681 1592 2718; x_wconf 89' lang='lat' dir='ltr'><em>in</em></span> <span class='ocrx_word' id='word_1_428' title='bbox 1619 2684 1717 2718; x_wconf 84' lang='lat' dir='ltr'><em>cete-</em></span> 
     </span>
     <span class='ocr_line' id='line_1_45' title="bbox 271 2736 1715 2788; baseline 0.002 -15"><span class='ocrx_word' id='word_1_429' title='bbox 271 2738 319 2774; x_wconf 88' lang='lat' dir='ltr'><em>ris</em></span> <span class='ocrx_word' id='word_1_430' title='bbox 338 2739 501 2786; x_wconf 81' lang='lat' dir='ltr'><em>quemvis</em></span> <span class='ocrx_word' id='word_1_431' title='bbox 520 2751 628 2776; x_wconf 90' lang='lat' dir='ltr'><em>suum</em></span> <span class='ocrx_word' id='word_1_432' title='bbox 650 2738 768 2775; x_wconf 88' lang='lat' dir='ltr'><em>locum</em></span> <span class='ocrx_word' id='word_1_433' title='bbox 784 2742 908 2774; x_wconf 89' lang='lat' dir='ltr'><em>tenere</em></span> <span class='ocrx_word' id='word_1_434' title='bbox 929 2738 1080 2786; x_wconf 88' lang='lat' dir='ltr'><em>debere;</em></span> <span class='ocrx_word' id='word_1_435' title='bbox 1108 2743 1146 2776; x_wconf 83' lang='lat' dir='ltr'><em>et</em></span> <span class='ocrx_word' id='word_1_436' title='bbox 1166 2739 1331 2788; x_wconf 89' lang='lat' dir='ltr'><em>iniquum</em></span> <span class='ocrx_word' id='word_1_437' title='bbox 1350 2751 1431 2776; x_wconf 90' lang='lat' dir='ltr'><em>esse</em></span> <span class='ocrx_word' id='word_1_438' title='bbox 1451 2742 1492 2775; x_wconf 90' lang='lat' dir='ltr'><em>ut</em></span> <span class='ocrx_word' id='word_1_439' title='bbox 1517 2736 1540 2777; x_wconf 80' lang='grc' dir='ltr'>ὁ</span> <span class='ocrx_word' id='word_1_440' title='bbox 1559 2747 1715 2788; x_wconf 83' lang='grc' dir='ltr'><strong><em>προεισ-</em></strong></span> 
     </span>
     <span class='ocr_line' id='line_1_46' title="bbox 273 2791 1715 2845; baseline -0.002 -12"><span class='ocrx_word' id='word_1_441' title='bbox 273 2791 461 2843; x_wconf 81' lang='grc' dir='ltr'><em>οδεύσας,</em></span> <span class='ocrx_word' id='word_1_442' title='bbox 490 2797 552 2845; x_wconf 85' lang='lat' dir='ltr'><em>qui</em></span> <span class='ocrx_word' id='word_1_443' title='bbox 570 2797 704 2844; x_wconf 76' lang='lat' dir='ltr'><em>primas</em></span> <span class='ocrx_word' id='word_1_444' title='bbox 734 2796 862 2841; x_wconf 86' lang='lat' dir='ltr'><em>tenuit,</em></span> <span class='ocrx_word' id='word_1_445' title='bbox 901 2806 966 2831; x_wconf 89' lang='lat' dir='ltr'><em>seu</em></span> <span class='ocrx_word' id='word_1_446' title='bbox 985 2799 1027 2832; x_wconf 89' lang='lat' dir='ltr'><em>ut</em></span> <span class='ocrx_word' id='word_1_447' title='bbox 1056 2795 1168 2844; x_wconf 87' lang='lat' dir='ltr'><em>vulgo</em></span> <span class='ocrx_word' id='word_1_448' title='bbox 1200 2795 1403 2844; x_wconf 82' lang='lat' dir='ltr'><em>loquimur,</em></span> <span class='ocrx_word' id='word_1_449' title='bbox 1433 2796 1495 2845; x_wconf 83' lang='lat' dir='ltr'><em>qui</em></span> <span class='ocrx_word' id='word_1_450' title='bbox 1511 2792 1715 2844; x_wconf 83' lang='lat' dir='ltr'><em>praeceden-</em></span> 
     </span>
     <span class='ocr_line' id='line_1_47' title="bbox 273 2848 1728 2902; baseline -0.001 -15"><span class='ocrx_word' id='word_1_451' title='bbox 273 2853 360 2890; x_wconf 82' lang='lat' dir='ltr'><em>tiam</em></span> <span class='ocrx_word' id='word_1_452' title='bbox 380 2851 522 2902; x_wconf 74' lang='lat' dir='ltr'><em>hahuit,</em></span> <span class='ocrx_word' id='word_1_453' title='bbox 546 2851 688 2890; x_wconf 88' lang='lat' dir='ltr'><em>deloco</em></span> <span class='ocrx_word' id='word_1_454' title='bbox 708 2864 776 2889; x_wconf 90' lang='lat' dir='ltr'><em>suo</em></span> <span class='ocrx_word' id='word_1_455' title='bbox 796 2850 1015 2889; x_wconf 84' lang='lat' dir='ltr'><em>deturbatus</em></span> <span class='ocrx_word' id='word_1_456' title='bbox 1040 2851 1145 2890; x_wconf 87' lang='lat' dir='ltr'><em>alteri</em></span> <span class='ocrx_word' id='word_1_457' title='bbox 1163 2852 1293 2890; x_wconf 87' lang='lat' dir='ltr'><em>cedere</em></span> <span class='ocrx_word' id='word_1_458' title='bbox 1317 2854 1482 2902; x_wconf 83' lang='lat' dir='ltr'><em>cogatur.</em></span> <span class='ocrx_word' id='word_1_459' title='bbox 1516 2861 1561 2888; x_wconf 82' lang='lat' dir='ltr'><em>ex</em></span> <span class='ocrx_word' id='word_1_460' title='bbox 1579 2848 1728 2900; x_wconf 64' lang='lat' dir='ltr'><em>quibus</em></span> 
     </span>
    </p>
   </div>
  </div>
 </body>
</html>
