1864 3164
301 186 398 231 306
420 184 423 187 Δ
509 187 787 231 GRETSERI
809 188 882 230 ET
909 187 1087 231 GOARI
1103 187 1542 232 COMMENTARIUS

300 288 465 349 ἁγίασον
492 292 549 336 τὸ
552 292 662 363 ν’ὃωρ
683 298 823 343 τοῦτο,
853 293 922 335 καὶ
952 290 1022 343 δος
1050 290 1156 349 αὐτῷ
1185 291 1259 346 τήν
1291 291 1407 364 χάριν
1424 297 1497 363 τῆς
1515 292 1748 350 απολυτρω-

300 364 419 401 σεως,
447 351 522 402 τὴν
541 347 723 405 ευλογίαν
742 354 815 392 τοῦ
830 347 1052 418 Ἰορδάνου.
1094 351 1266 402 ποίησον
1291 347 1386 392 αὐτὸ
1411 347 1646 418 ἀφθαρσίας
1672 369 1748 404 πη-

299 406 397 461 γῆν,
427 407 623 461 ἄγιασμου
653 409 804 475 δῶρον,
842 403 1132 460 ἁμαρτημάτων
1151 403 1359 460 λυτήριον,
1397 406 1634 478 νοσημάτων
1653 405 1748 449 ἅλε-

300 462 509 533 ξητηριον,
553 464 737 515 δαίμοσιν
769 459 973 515 ὀλέθριον,
1009 467 1095 510 ταῖς
1122 462 1318 512 ἐναντίαις
1339 463 1557 532 δυνάμεσιν
1578 460 1749 532 ἀπρόσι-

298 536 394 567 τον,
432 518 640 585 αγγελικῆς
677 516 813 571 ἰσχύος
841 519 1174 589 πεπληρωμένον,
1209 519 1279 559 ἵνα
1306 518 1454 568 πάντες
1474 520 1515 560 οἱ
1533 516 1748 573 ἀρυόμενοι

300 576 367 617 καὶ
388 573 783 628 μεταλαμβάνοντες’
770 575 894 627 ε’χοιεν
913 572 1012 615 αὕτό
1032 573 1126 627 πρὸς
1143 573 1397 641 καθαρισμὸν
1415 578 1556 628 ψυχῶν
1574 575 1642 616 καὶ
1667 589 1747 617 σω-

268 668 274 671 .
299 628 457 686 μάτων,
489 629 590 681 πρὸς
611 632 765 684 ἰατρίαν
782 634 957 677 παθων,
991 629 1090 683 πρὸς
1117 628 1330 684 αγιασμόν,
1370 629 1470 684 πρὸς
1488 635 1623 673 πᾶσαν
1642 628 1750 683 αἰφέ-

299 693 408 729 λειαν
428 686 665 739 ἐπιτήδειον.
721 701 790 726 nec
811 689 849 726 in
871 688 954 725 aula
972 688 1091 726 solum
1107 689 1176 725 sed
1203 692 1243 725 et
1265 689 1303 724 in
1327 687 1407 725 aliis
1430 688 1598 726 omnibus
1628 688 1748 726 Grae-

298 745 431 783 canicis
449 745 607 782 ecclesiis
629 757 730 794 aqua
749 745 819 782 hoc
847 745 906 782 die
933 744 1237 794 benedicebatur,
1264 744 1376 781 etiam
1401 745 1504 795 apud
1527 743 1749 796 Aethiopas,

299 802 363 850 qui
395 802 505 838 hodie
531 801 640 838 undis
669 813 746 838 non
772 801 884 838 modo
916 813 956 838 se
984 804 1187 851 aspergunt
1206 801 1273 837 sed
1293 804 1332 837 et
1349 801 1495 850 penitus
1514 801 1747 850 immergunt.

298 862 338 894 et
365 857 491 895 fideles
516 858 612 894 circa
634 858 792 894 mediam
816 860 980 907 noctem,
1006 869 1103 906 quae
1121 857 1256 894 festum
1273 857 1483 906 antecedit,
1511 856 1560 894 ob
1580 869 1747 895 reveren-

297 915 389 950 tiam
407 914 581 965 baptismi
601 925 676 962 quo
695 913 857 950 salvator
875 917 1002 950 noster
1019 914 1156 950 tinctus
1175 917 1255 962 est,
1280 917 1459 961 aquatum
1475 913 1602 963 ibant,
1633 924 1747 950 unus-

298 972 456 1019 quisque
475 971 521 1007 ad
543 969 689 1007 obvium
711 970 781 1006 sibi
806 970 946 1007 fontem
975 969 1092 1006 rivum
1129 973 1195 1006 aut
1223 969 1396 1018 fluvium,
1422 969 1478 1007 eui
1509 981 1629 1018 aquae
1655 970 1747 1006 deus

296 1026 394 1063 ‘hanc
418 1027 710 1064 benedictionem
730 1026 956 1075 largiebatur
982 1029 1024 1062 ut
1045 1025 1170 1062 multis
1198 1026 1303 1062 annis
1326 1026 1542 1076 incorrupta
1570 1029 1748 1063 maneret.

298 1083 407 1120 testis
428 1082 592 1133 locuples
613 1083 720 1119 huius
739 1083 791 1119 rei
810 1083 850 1119 S.
869 1082 1180 1131 ChrysostomuS,
1210 1081 1308 1118 hom.
1327 1082 1374 1118 de
1393 1081 1588 1133 Baptismo
1609 1081 1749 1118 Christi

298 1143 387 1176 tom.
420 1139 445 1179 5
479 1151 634 1189 operum
665 1138 899 1175 Graecorum.
955 1140 994 1175 in
1027 1138 1094 1175 hac
1130 1137 1337 1176 solennitate
1376 1137 1635 1190 (epiphaniae,
1673 1148 1749 1187 qua

154 1192 183 1226 P
207 1191 276 1227 229
299 1195 433 1232 Graeci
460 1194 582 1247 μέγαν
614 1191 808 1246 ἁγιασμόν
834 1192 1039 1244 celebrant)
1071 1195 1134 1231 sub
1163 1194 1312 1231 mediam
1329 1198 1458 1232 noctem
1478 1207 1590 1232 omnes
1609 1191 1751 1243 ὖὸρευ·

300 1247 467 1302 σάμενοι
497 1263 575 1288 cum
601 1264 730 1302 aquam
757 1252 972 1301 acceperint,
1010 1251 1145 1288 domum
1174 1250 1299 1288 latices
1329 1250 1481 1300 referunt
1500 1263 1544 1288 ac
1561 1249 1749 1288 recondunt

298 1311 332 1345 et
359 1320 421 1357 per
447 1309 624 1355 integrum
653 1318 784 1343 annum
812 1310 1037 1354 conservant,
1072 1309 1189 1356 utpote
1212 1305 1302 1356 quod
1319 1305 1485 1344 hodierna
1506 1305 1563 1343 die
1587 1305 1750 1355 sanctifi-

299 1367 401 1401 catae
428 1365 499 1400 sint
521 1374 632 1413 aquae
650 1360 737 1412 (per
755 1361 978 1412 baptismum
1010 1362 1149 1398 Christi
1173 1363 1212 1398 in
1240 1361 1434 1412 lordane);
1458 1363 1575 1412 fitque
1593 1364 1748 1399 miracu-

301 1419 373 1456 lum
394 1419 554 1466 evidens,
580 1417 662 1454 dum
679 1417 767 1454 nihil
787 1419 944 1468 temporis
963 1417 1220 1467 longinquitate
1247 1430 1418 1467 aquarum
1442 1417 1588 1455 illarum
1613 1420 1750 1454 natura

299 1476 475 1522 vitiatur,
504 1474 565 1511 sed
584 1476 718 1522 integro
739 1487 851 1522 amm,
891 1477 996 1523 atque
1012 1473 1098 1511 adeo
1117 1474 1251 1510 biennio
1273 1476 1305 1510 et
1329 1475 1477 1511 triennio
1499 1485 1621 1524 saepe,
1661 1483 1750 1523 quae

303 1530 402 1568 hodie
419 1530 501 1581 fuit
523 1530 672 1575 hausta,
699 1531 904 1579 incorrupta
928 1533 961 1566 et
982 1541 1099 1567 recens
1119 1532 1321 1579 permanet,
1349 1542 1393 1566 ac
1412 1532 1491 1581 post
1510 1533 1647 1567 tantum
1662 1532 1750 1566 tem-

297 1588 395 1637 poris
422 1591 499 1624 cum
527 1588 572 1623 iis
599 1597 688 1636 quae
719 1598 827 1634 nuper
851 1585 992 1635 fuerint
1018 1598 1036 1622 e
1061 1584 1223 1634 fontibus
1249 1584 1393 1623 eductae
1417 1589 1537 1624 certat.
1592 1584 1682 1622 haec
1708 1584 1748 1620 S.

302 1643 605 1692 Chrysostomus.
661 1641 753 1689 quid
780 1654 867 1678 vero
893 1641 933 1678 S.
954 1639 1188 1691 Epiphanius
1208 1641 1349 1679 haeresi
1383 1640 1469 1681 512
1524 1641 1617 1678 mira
1643 1639 1748 1678 nimi—

301 1712 404 1748 rum,
442 1711 486 1735 eo
513 1699 598 1748 ipso
627 1697 744 1746 festo,
781 1697 851 1734 hoc
880 1701 938 1734 est
964 1700 1070 1734 sexto
1098 1697 1159 1734 die
1181 1697 1356 1748 Ianuarii,
1380 1697 1418 1734 in
1442 1697 1653 1734 memoriam
1681 1708 1747 1747 pa-

300 1755 391 1791 trati
418 1768 441 1791 a
461 1754 612 1791 Christo
633 1753 816 1802 miraculi,
847 1754 1029 1802 quosdam
1045 1753 1169 1790 fontes
1187 1757 1302 1802 atque
1330 1754 1424 1791 adeo
1450 1753 1572 1803 ipsum
1598 1753 1748 1790 fluvium

301 1810 429 1847 Nilum
455 1808 548 1847 effici
558 1810 723 1847 'vinosos
751 1822 816 1846 seu
848 1810 886 1846 in
910 1810 1035 1847 vinum
1062 1809 1165 1847 verti.
1223 1806 1415 1847 audiamus
1446 1810 1569 1860 ipsum
1598 1809 1637 1846 S.
1657 1808 1749 1859 Epi-

301 1866 489 1917 phanium.
547 1868 643 1904 circa
661 1868 774 1916 ipsam
794 1866 1005 1903 undecimam
1021 1864 1175 1916 (mensis
1203 1865 1326 1916 Tybi,
1357 1866 1419 1914 qui
1446 1871 1505 1904 est
1526 1869 1652 1903 sextus
1681 1877 1748 1901 no-

301 1923 369 1959 stri
394 1922 570 1971 Ianuarii)
598 1925 678 1972 post
704 1935 816 1960 annos
845 1923 997 1971 triginta
1019 1921 1162 1972 factum
1191 1926 1241 1960 est
1267 1925 1418 1972 primum
1436 1924 1574 1970 signum
1591 1924 1629 1959 in
1650 1920 1750 1958 Cana

305 1978 512 2025 Galilaeae,
545 1978 681 2027 qucmclo
707 1991 802 2027 aqua
825 1978 937 2028 facta
963 1981 1014 2014 est
1031 1979 1160 2015 vinum.
1217 1981 1425 2028 quapropter
1447 1979 1552 2015 etiam
1571 1978 1609 2014 in
1627 1975 1749 2013 multis

301 2033 387 2070 locis
410 2035 570 2082 usquein
590 2033 680 2069 hunc
698 2033 786 2072 diem
806 2033 867 2069 hoc
876 2034 949 2082 fit,
979 2033 1068 2082 quod
1082 2037 1165 2070 tunc
1174 2032 1319 2082 factum
1338 2037 1408 2080 est,
1435 2032 1591 2070 divinum
1609 2034 1749 2081 signum

300 2091 341 2126 in
360 2090 590 2126 testimonium
608 2088 817 2134 incredulis,
846 2088 942 2124 velut
967 2091 1141 2125 testantur
1161 2100 1199 2125 m
1220 2088 1340 2125 multis
1361 2089 1446 2126 locis
1462 2088 1583 2139 fontes
1606 2101 1650 2126 ac
1667 2089 1748 2139 flu-

299 2147 357 2182 ‘vii
378 2146 416 2182 in
441 2146 560 2181 vinum
586 2145 765 2192 conversi,
800 2143 941 2193 Cibyres
973 2143 1106 2193 quidem
1142 2145 1238 2181 urbis
1271 2144 1398 2182 Cariae
1398 2144 1533 2213 sons,
1571 2157 1642 2195 qua
1663 2144 1747 2181 liora

303 2201 491 2238 hauserunt
520 2200 676 2236 ministri
706 2202 740 2236 et
769 2200 840 2249 ipse
872 2199 967 2236 dixit
1003 2198 1118 2236 “elate
1137 2195 1410 2238 architri’ffllino.
1465 2204 1617 2238 testatur
1649 2204 1683 2238 et
1708 2203 1748 2237 in

305 2256 440 2294 Gerasa
470 2255 625 2292 Arabiae
650 2254 735 2305 fons
763 2254 933 2294 similiter.
987 2268 1049 2292 nos
1073 2256 1219 2294 bibimus
1238 2256 1279 2293 de
1304 2257 1446 2307 Cibyres
1462 2256 1583 2307 sonte,
1612 2256 1749 2308 fratres

304 2325 385 2350 vero
409 2313 519 2349 nostri
541 2311 582 2348 de
603 2323 639 2347 eo
659 2312 722 2360 qui
744 2314 795 2348 est
815 2313 850 2347 in
871 2311 1026 2358 Gerasa,
1050 2314 1088 2349 in
1109 2315 1302 2362 martyrum.
1321 2313 1456 2363 templo.
1512 2313 1573 2350 sed
1592 2316 1625 2350 et
1644 2312 1750 2349 multi

300 2370 342 2405 in
359 2368 520 2418 Aegypto
539 2366 580 2403 de
600 2364 685 2404 Nilo
704 2366 766 2404 lwc
787 2370 972 2404 testantur.
1026 2371 1101 2404 tres
1127 2380 1216 2417 ergo
1235 2381 1351 2417 aquas
1369 2369 1556 2418 nominat,
1579 2380 1674 2417 quae
1692 2367 1749 2404 di-

299 2427 362 2461 cto
382 2424 476 2460 sesto
495 2423 532 2459 in
551 2422 674 2460 vinum
693 2425 905 2471 vertantur,
945 2421 988 2473 1)
1006 2423 1147 2461 fontem
1164 2425 1340 2474 Cibyres,
1377 2427 1418 2474 2)
1437 2425 1577 2462 fontem
1604 2425 1643 2461 in
1671 2423 1748 2460 Ge-

300 2491 407 2527 rasa,
436 2478 481 2529 3)
500 2477 636 2515 Nilum.
691 2491 774 2516 cum
798 2479 910 2527 igitur
938 2482 1013 2514 tres
1038 2480 1099 2517 isti
1121 2481 1243 2518 fontes
1262 2482 1390 2517 vinoso
1407 2493 1540 2532 sapore
1558 2492 1747 2528 nunquam

300 2534 475 2571 fluxerint
498 2535 569 2571 nisi
585 2535 655 2571 hoe
674 2535 752 2583 die,
784 2534 1017 2571 manifestum
1045 2536 1087 2572 fit
1106 2536 1177 2573 hoc
1195 2537 1406 2574 miraculum
1428 2549 1503 2573 non
1520 2548 1601 2573 esse
1614 2539 1746 2587 patra-

301 2594 382 2627 tum
404 2590 473 2626 nisi
499 2591 549 2627 ad
570 2590 800 2628 recolendam
822 2591 1033 2627 memoriam
1058 2593 1131 2629 vini
1159 2605 1203 2629 ex
1233 2606 1331 2642 aqua
1361 2607 1383 2630 a
1414 2592 1564 2629 Christo
1583 2592 1621 2628 in
1641 2592 1746 2629 Cana

303 2645 491 2683 Galilaeae
509 2647 690 2696 producti.
746 2651 785 2685 et
804 2647 850 2683 de
869 2646 924 2682 his
944 2647 1061 2683 tribus
1076 2649 1254 2698 fontibus,
1271 2650 1391 2698 inquit
1409 2649 1588 2686 Batonius
1608 2652 1698 2685 tom.
1721 2649 1744 2688 1

302 2713 400 2738 anno
425 2701 471 2741 31
498 2714 533 2739 n.
552 2702 629 2752 33,
657 2715 698 2740 se
715 2715 791 2741 non
809 2703 1015 2739 meminisse
1030 2703 1143 2740 ullum
1165 2705 1233 2741 sibi
1250 2706 1487 2756 scriptorem,
1517 2705 1578 2751 qui
1606 2703 1746 2740 Christi

302 2756 464 2794 natalem
483 2759 740 2808 antecesserit,
779 2759 912 2796 lectum
939 2771 1039 2808 esse,
1083 2761 1144 2808 qui
1173 2765 1330 2798 testetur
1349 2762 1442 2797 duos
1462 2759 1541 2796 illos
1560 2760 1682 2796 fontes
1707 2763 1745 2796 et

301 2813 453 2851 fluvium
472 2813 598 2852 Nilum
617 2816 710 2854 verti
729 2815 766 2853 in
787 2815 919 2853 vinum.
978 2815 1034 2852 hic
1054 2815 1231 2855 illustriss.
1252 2817 1399 2856 Baronii
1418 2816 1667 2855 conducticius
1685 2828 1746 2854 ca-
