1832 3178
284 191 365 251 38'
694 203 892 249 comm
927 179 1322 246 GUROPALATAE

234 327 263 361 B
415 316 679 374 ιΥπηρετοῦσι
700 317 743 360 δὲ
765 317 801 360 οἱ
820 313 1079 373 Κορτινάριοι
1101 317 1157 365 εἷς
1176 314 1249 369 τὴν
1267 318 1340 358 τοῦ
1357 312 1556 368 βασιλέως
1574 309 1734 367 σκηνήν,

283 384 372 440 η’τις
393 383 514 443 κόρτη
537 384 784 441 ὀνομάζεται.
853 382 874 427 ὃ
891 383 1025 438 μέντοι
1043 381 1170 439 κόμης
1189 383 1321 425 αὐτῶν
1338 384 1405 425 καὶ
1425 381 1539 424 αὐτοὶ
1558 380 1604 422 δ’
1625 374 1736 423 οὗτοι

285 454 409 496 πανία
438 458 611 511 φοροῦσι
639 451 802 496 κόκκινα
833 453 875 494 ἔκ
907 455 988 495 τῶν
1020 455 1092 506 τῆς
1117 450 1263 508 κόρτης
1283 454 1466 492 παλαιῶν
1486 449 1660 500 πανίων,
1693 449 1736 498 ἐξ

286 516 342 564 ὧν
372 522 439 563 καὶ
473 522 535 563 ἐπὶ
569 525 747 577 κεφαλῆς
776 521 975 577 σκουφιάς
995 518 1118 574 μόνον
1140 518 1322 576 ἐρυθρᾶς
1341 517 1639 572 ἐντὸς-μὲντῆς
1661 516 1735 558 αὗ-

288 593 381 644 λῆς,
416 589 463 630 οὗ
486 589 567 643 μὴν
591 590 635 631 δὲ
656 590 723 631 καὶ
745 586 944 631 καπάσια·
979 586 1035 630 ἔτι
1056 604 1098 630 τε
1122 588 1190 630 καὶ
1211 585 1382 639 κάλτζας
1399 582 1608 635 τοιαύτας,
1635 582 1771 639 μετᾶὄ

287 658 539 708 παπουτζιῶν
565 656 760 711 μελάνων.
827 656 939 707 ἐκτὸς
963 656 1007 699 δὲ
1034 660 1208 714 φοροῦσι
1236 655 1310 705 τὰς
1334 651 1524 704 τοιαύτας
1543 652 1740 710 σκουφίας

288 725 391 779 μετὰ
412 724 631 767 καπασίων.

426 818 609 858 Τοιαῦτα
641 811 845 870 ἐνδύματα
875 811 1033 871 ἐρυθρὰ
1064 809 1269 855 ἐνδύονται
1300 812 1374 867 μὲν
1403 813 1472 855 καὶ
1504 810 1543 853 οἳ
1573 811 1744 868 Bagada-

291 886 455 939 ριῶται,
491 883 559 925 διὰ
585 884 759 934 πανίων,
794 881 866 925 οὔκ
888 882 931 924 ἔκ
953 885 1024 935 τῆς
1047 878 1192 937 κῦρτης
1213 881 1305 938 ἀλλ’
1328 882 1370 931 ἐξ
1389 879 1560 930 οῗκείων,
1593 879 1657 920 ἐπὶ
1678 894 1745 920 κε-

292 955 426 1007 φαλῆς
447 951 490 993 δὲ
508 951 710 1008 Περσικὸν
727 948 910 1009 φόρεμα,
939 948 1193 1005 ἇγγουρωτὸν
1213 947 1524 1004 ὀνομαζόμενον,
1549 945 1639 1000 ἕχον
1656 945 1742 988 ἀντὶ
1756 951 1799 988 10

242 1028 272 1060 C
295 1020 545 1075 μαργελλίων
562 1017 703 1062 πάνιον
719 1020 903 1074 κίτρινον.
948 1017 1166 1073 κρέμανται
1184 1017 1227 1059 δὲ
1242 1017 1305 1059 ἐπὶ
1323 1014 1447 1071 ζώνης
1463 1012 1632 1058 ἑκάστου
1650 1011 1747 1056 τού-

294 1103 375 1129 των
393 1091 516 1144 λῶροι
525 1118 539 1138 ,
570 1086 640 1137 οὓς
658 1091 825 1129 καλοῦσι
842 1083 1073 1142 μαγκλάβια
1084 1117 1097 1136 ,
1122 1086 1323 1139 μαστίζειν
1339 1083 1434 1134 τοὺς
1450 1084 1584 1134 ἀξίους
1600 1081 1748 1136 μαστί-

296 1157 462 1206 ζεσθαι,
497 1154 684 1212 φέροντες
714 1155 773 1197 ἀεὶ
802 1154 1014 1196 δικανίκια.
1084 1152 1147 1196 ὅτε
1179 1154 1222 1196 δὲ
1254 1150 1547 1208 καβαλλικεύσῃ
1576 1148 1596 1192 ὅ
1625 1155 1748 1204 βασι-

296 1219 410 1273 mg,
454 1227 746 1278 προηγοῦνται,
793 1224 858 1264 καὶ
897 1222 1085 1279 φέροντες
1124 1220 1228 1264 αὐτὰ
1264 1219 1390 1278 ὄρθια
1419 1219 1654 1263 εὖτακτοῦσι
1678 1217 1749 1260 τὸν

296 1288 407 1332 λαόν.
483 1289 619 1344 ἔχουσι
669 1291 714 1333 δὲ
766 1284 876 1333 οὗτοι
925 1291 992 1332 καὶ
1039 1287 1338 1347 πριμμικήριον.
1411 1285 1578 1336 τούτους
1622 1283 1747 1328 πάλαι
1761 1290 1822 1338 15,

295 1358 463 1414 Πέρσας
506 1358 609 1400 κατὰ
652 1359 764 1415 γένος
804 1357 922 1407 ὄντας
958 1355 979 1399 ὅ
1019 1358 1210 1411 βασιλεὺς
1248 1357 1477 1411 μετοικίσας
1509 1355 1660 1397 ἐκεῖθεν
1693 1355 1750 1403 εἷς

295 1425 366 1468 τὸν
396 1425 631 1484 Βαρὸάριον
661 1425 826 1469 ἐκάθισε
858 1424 1039 1480 ποταμόν
1048 1457 1062 1478 ,
1097 1426 1177 1484 ἀφ’
1205 1420 1252 1467 οὗ
1274 1428 1341 1468 καὶ
1364 1424 1654 1481 Βαρὸαριῶται
1675 1438 1750 1464 κα-

294 1497 471 1536 λοῦνται.

246 1592 279 1626 Ι)
433 1581 484 1626 Ὅ
518 1581 887 1640 πρωτοσπαθάριος
920 1583 1071 1639 λέγεται
1098 1580 1159 1625 ὅτι
1185 1576 1235 1636 ἦν
1266 1581 1370 1623 κατὰ
1402 1580 1474 1635 μὲν
1506 1579 1553 1623 τὸ
1583 1578 1753 1622 παλαιὸν

299 1655 458 1707 πρῶτος
479 1656 559 1695 τῶν
578 1653 820 1709 σπαθαρίων
841 1654 1098 1709 παραμονῶν.
1165 1654 1236 1692 νῦν
1262 1650 1305 1692 δὲ
1326 1649 1515 1703 οὐδεμίαν
1533 1645 1808 1706 ὗπηρεσίανὲο

299 1716 323 1731 5!

299 1735 391 1772 εχει.

391 1838 414 1872 6
435 1834 588 1880 μαύρων
611 1838 670 1871 ΑΒ
705 1880 714 1891 7
821 1838 844 1872 9
867 1835 1024 1882 κούρτης
1047 1837 1077 1871 Β
1230 1836 1273 1870 12
1295 1837 1376 1890 post
1396 1830 1602 1878 μαγκλάβιοι
1623 1832 1653 1866 Ρ
1679 1828 1756 1888 ἥρως

393 1882 594 1928 βακτηρίας
616 1879 638 1926 ἢ
666 1881 828 1927 ῥαβδους
1002 1883 1045 1917 16
1068 1883 1148 1927 post
1168 1879 1338 1925 βασιλευς
1360 1878 1420 1914 ΑΒ
1444 1878 1599 1914 lacunam
1621 1890 1758 1914 nomme

391 1928 486 1972 regis
511 1928 729 1973 implendam.

392 2027 583 2062 Cortinarii
614 2028 810 2063 ministrant
833 2029 877 2062 ad
899 2027 1117 2074 imperatoris
1139 2026 1417 2071 tabernaculum,
1447 2025 1540 2071 quod
1563 2024 1670 2060 cortis
1693 2036 1757 2059 no-

301 2072 472 2115 minatur3
508 2085 651 2117 quorum
675 2086 789 2108 comes
814 2081 849 2108 et
871 2074 941 2119 ipsi
964 2075 1082 2108 ferunt
1106 2085 1238 2118 pannos
1261 2073 1440 2107 coccineos
1463 2083 1506 2105 ex
1527 2071 1634 2105 cortis
1656 2076 1757 2106 vete-

302 2119 401 2152 ribus
424 2119 566 2163 pannis,
592 2126 627 2154 et
648 2131 690 2154 ex
713 2119 834 2154 iisdem
858 2119 893 2153 in
918 2119 1033 2164 capite
1056 2119 1261 2163 galericulos
1283 2120 1407 2152 rubros
1431 2117 1524 2151 intra
1546 2116 1656 2150 aulam
1678 2117 1758 2161 qui-

303 2164 400 2205 d'em3
439 2169 475 2198 at
508 2176 576 2198 non
604 2171 757 2210 petasus.
806 2170 990 2210 praeterea
1024 2165 1151 2208 caligas
1187 2164 1338 2198 eiusdem
1370 2162 1511 2208 generis
1543 2173 1618 2196 cum
1647 2161 1758 2207 nigris

303 2209 556 2244 calceamentis.
603 2216 703 2245 extra
734 2209 844 2245 aulam
877 2221 962 2245 vero
991 2216 1130 2255 gestant
1152 2209 1345 2244 huiusmodi
1367 2207 1572 2255 galericulos
1595 2218 1672 2242 cum
1694 2219 1760 2253 pe-

303 2255 390 2290 tasis
413 2266 477 2290 seu
499 2255 750 2291 cuculionibus.

394 2322 603 2358 Huiusmodi
632 2322 748 2358 rubris
779 2321 987 2357 indumentis
1019 2322 1216 2357 vestiuntur
1251 2322 1354 2357 etiam
1385 2320 1637 2364 Bardariotae,
1671 2331 1760 2366 quae

306 2368 465 2403 confecta
485 2375 566 2404 sunt
588 2381 632 2404 ex
655 2368 801 2414 pannis,
827 2380 895 2402 non
921 2380 942 2403 a
965 2373 1062 2403 corte
1086 2369 1249 2414 sumptis,
1273 2369 1336 2402 sed
1362 2379 1405 2401 ex
1430 2365 1594 2413 propriis.
1640 2364 1677 2399 in
1699 2377 1760 2399 ca-

304 2413 380 2459 pite
403 2414 579 2448 Persicum
602 2420 777 2459 gestamen
798 2419 956 2458 gestant,
982 2414 1038 2448 cui
1062 2426 1185 2448 nomen
1205 2419 1429 2458 angurotum‚
1455 2412 1547 2458 quod
1569 2411 1646 2445 loco
1668 2422 1762 2445 mar-

305 2460 470 2504 gellarum
500 2472 649 2506 pannum
681 2460 798 2494 citrini
830 2459 955 2493 coloris
986 2459 1104 2495 habet.
1150 2472 1194 2493 ex
1217 2459 1400 2494 cuiuslibet
1422 2458 1542 2492 horum
1565 2468 1653 2490 zona
1673 2467 1760 2502 pen-

307 2506 391 2539 dent
413 2505 507 2551 iora,
534 2518 624 2552 quae
641 2511 808 2539 vocantur
826 2504 1059 2548 manuclavh,
1082 2505 1148 2539 hoc
1171 2510 1226 2539 est
1246 2505 1362 2539 baculi
1383 2515 1447 2538 seu
1467 2502 1610 2547 virgae,
1633 2506 1672 2535 ut
1693 2502 1760 2536 fla·-

306 2550 406 2594 gellis
437 2551 562 2596 dignos
589 2550 777 2596 flagellent.
834 2562 970 2596 semper
1002 2551 1120 2584 ferunt
1151 2550 1306 2585 baculos.
1362 2549 1593 2595 praecedunt,
1622 2547 1760 2591 quando

306 2596 495 2641 imperator
518 2597 672 2642 equitat,
704 2602 740 2630 et
761 2595 901 2631 baculos
922 2601 1057 2630 erectos
1081 2597 1218 2639 ferunt,
1250 2601 1290 2630 ut
1312 2594 1525 2629 constituant
1545 2591 1700 2626 ordinem
1724 2591 1762 2626 in

307 2642 449 2686 populo,
497 2643 627 2677 habent
650 2649 686 2677 et
708 2642 768 2676 isti
791 2641 1043 2687 primicerium;
1068 2653 1154 2686 quos
1178 2641 1314 2686 origine
1330 2641 1456 2674 Persas
1476 2638 1664 2682 imperator
1681 2637 1763 2672 inde

309 2687 486 2766 ,tirstmsmlit
508 2689 552 2723 ad
576 2687 781 2724 Bardarium
803 2687 952 2731 flumen,
986 2698 1008 2721 a
1038 2698 1106 2732 quo
1131 2687 1234 2722 etiam
1257 2685 1538 2722 Bardariotarum
1560 2694 1684 2718 nomen
1706 2683 1762 2718 in·

363 2744 417 2767 um
438 2739 505 2768 est.

401 2801 708 2846 Protospatharius
731 2801 798 2835 hoc
820 2810 943 2835 nomen
966 2799 1111 2843 adeptus
1135 2802 1212 2844 est,
1235 2798 1318 2842 quia
1341 2797 1419 2831 olim
1438 2794 1508 2830 fuit
1523 2795 1654 2841 prImus
1671 2794 1764 2829 inter

309 2847 507 2893 spatharios
530 2847 767 2882 stationarios.
815 2847 850 2881 in
874 2844 1050 2892 ptaesenti
1073 2844 1199 2879 nullum
1222 2844 1373 2880 officium
1394 2842 1500 2888 gerit.
