1820 3178
273 169 366 214 198
477 168 750 231 GRETSERI
771 168 843 211 ET
862 166 1034 212 GOARI
1057 165 1496 225 COMMENTARIUS-

274 288 343 321 νην
377 277 456 317 τοῖς
487 272 673 320 δεομένοις
701 270 941 319 παρέχεσθαι.
988 267 1169 318 congruam
1200 272 1306 318 magis
1331 272 1427 307 huius
1452 274 1559 310 officii
1578 274 1714 322 exposi-

276 323 399 356 tionem
422 323 581 368 opusculo
602 322 741 356 inferius
768 320 937 354 subdendo
960 319 1120 366 reperies.
1384 332 1389 337 ¹

365 389 399 423 p.
425 380 467 414 11
497 389 532 412 v.
555 378 588 413 4.
619 374 639 411 ὃ
665 373 854 420 κοιέστωρ]
885 380 923 410 ut
945 375 1191 422 Theophanes,
1230 375 1408 420 κοίστωρ,
1435 379 1475 411 ut
1496 376 1570 411 Leo
1590 377 1717 412 Gram-

276 422 414 456 maticus
440 428 475 458 et
499 423 632 468 plures,
656 421 868 465 κοιαίστωρ,
902 425 940 455 ut
969 422 1111 456 Latinae
1138 421 1399 468 pronuntiationi
1430 432 1504 456 cum
1534 423 1718 458 Simocatta

275 468 439 511 vicinius,
468 468 682 508 κουαίστωρ.
730 478 795 500 non
814 467 971 510 ignorant
992 467 1118 502 Graeci
1141 478 1160 501 a
1177 467 1366 512 quaerendo
1382 467 1514 502 dictum.
1558 468 1718 504 Moscho-

280 514 397 558 pulus:
432 511 525 548 ἔστιν
558 511 577 548 ὁ
612 513 771 557 συζητῶν
801 511 865 547 καὶ
890 507 1047 556 ἐρευνῶν
1069 509 1131 548 ἐπὶ
1151 510 1320 557 χρήμασι.
1367 513 1551 557 Procopius
1574 513 1618 547 de
1638 513 1720 550 bell.

278 560 377 593 Pers.
404 561 440 594 1:
470 560 612 605 βασιλεῖ
629 556 831 601 πάρεδρος,
863 557 1082 602 κοιαίστωρα
1112 558 1246 592 τοῦτον
1265 557 1448 595 καλοῦσιν.
1496 558 1568 592 Leo
1596 559 1720 592 Gram-

278 605 420 638 maticus
446 604 479 638 in
513 604 723 650 Theophilo:
765 599 977 648 ὡρίσθησαν
1003 601 1026 639 ὅ
1056 615 1094 638 τε
1128 603 1320 644 κοιαίστωρ
1343 601 1406 637 καὶ
1427 599 1466 638 οἷ
1486 599 1722 649 ἅντιγραφεῖς

279 649 459 684 (ἐπελθεῖν
485 648 547 684 καὶ
569 646 689 694 μέχρις
713 648 890 692 θεμελίων
911 645 1106 694 ἐκδαφίσαι
1137 645 1184 683 τοὶ
1220 647 1335 683 αὐτοῦ
1366 646 1562 693 οἰκήματα.
1609 649 1723 683 Simo-

279 699 372 728 catta
398 695 623 729 Mauricianae
649 695 806 728 historiae
830 694 941 728 statim
961 695 995 728 in
1019 694 1148 729 limine:
1191 691 1363 740 βασιλέως
1383 696 1543 739 γλῶτταν
1559 690 1626 729 τὸν
1644 693 1720 729 Ἰω-

280 739 397 784 άννην
421 737 623 783 ἐδείκνυεν,
655 737 774 782 ἄνδρα
801 735 940 784 ῥήτορά
961 751 1000 775 τε
1023 735 1147 774 δεινὸν
1167 738 1233 774 καὶ
1249 737 1463 784 Ῥωμαϊκῶν
1488 737 1609 784 νόμων
1644 735 1723 774 ἔπι-

280 783 466 830 στήμονα,
491 783 532 826 ὃς
553 787 619 820 τοῦ
641 782 812 831 βασιλέως
833 781 878 820 τα
901 783 1162 830 προστάγματα
1182 785 1235 831 τῷ
1257 783 1415 831 διατόνῳ
1435 786 1500 830 τῆς
1513 782 1725 830 εὐγλωττίας

281 829 535 876 ἐμεγαληγόρει
557 828 876 875 μεγαλοφροσύνης
898 826 1042 873 ἐπάξια.
1087 832 1219 865 τοῦτον
1243 825 1604 877 ἕπιχωρίφ“Ρωμαῑόι
1619 830 1726 876 φωνῇ

283 874 510 911 ἀποκαλοῦσι
531 876 773 917 κουαίστωρα.
821 875 1041 921 κοιαίστωρα
1063 877 1130 911 τοῦ
1152 876 1261 911 θείου
1283 875 1464 911 παλατίου
1478 876 1726 921 vocat·E:c10ga

286 922 409 956 Leonis
433 930 469 956 et
489 922 696 957 Constantini
718 923 771 956 tit.
793 922 828 958 7.

396 991 442 1029 ib.
478 1005 512 1029 v.
541 993 577 1033 5.
627 992 788 1041 Magnus
807 991 1049 1042 adnumiasta]
1081 986 1299 1042 οἲὸνούμιον
1333 995 1383 1030 est
1405 990 1584 1043 descriptio
1615 994 1727 1030 nomi-

287 1060 369 1085 num
404 1049 502 1099 apud
534 1048 727 1096 Romanos,
756 1048 879 1096 'inquit
911 1048 1063 1095 Suidas;
1094 1051 1132 1085 et
1160 1051 1203 1085 ut
1228 1047 1319 1085 alius
1347 1048 1422 1098 ait,
1451 1044 1728 1097 οἷδνουμιάζειν

290 1107 348 1140 est
379 1099 460 1142 κατ’
487 1102 612 1155 ὄνομα
646 1103 881 1155 διέρχεσθαι.
926 1107 985 1141 est
1019 1116 1108 1154 ergo
1136 1103 1299 1141 delectus
1326 1107 1365 1141 et
1393 1116 1523 1142 census
1551 1103 1727 1150 militum3

289 1160 389 1196 unde
407 1161 502 1198 actio
522 1156 820 1212 οέδνουμιάζειν,
844 1159 948 1208 quasi
974 1159 1072 1198 dicas
1092 1160 1352 1208 adnumerare3
1380 1163 1419 1197 et
1440 1155 1731 1212 ἆδνουμιαστής

291 1227 428 1263 censor,
464 1216 650 1264 lustrator,
683 1216 787 1264 quasi
813 1215 1067 1256 adnumerator.
1095 1228 1172 1254 non
1197 1214 1436 1267 improbabile
1458 1219 1558 1254 esta
1579 1215 1730 1254 Graecis

291 1283 334 1308 ex
354 1270 464 1309 Latio
485 1272 579 1310 hanc
597 1285 722 1310 vocem
739 1272 893 1322 petitam
910 1284 1008 1310 esse:
1035 1285 1150 1312 sonus
1175 1284 1266 1310 sane
1297 1285 1372 1312 non
1400 1271 1565 1324 abludit,
1591 1276 1636 1310 ut
1663 1284 1731 1311 nec

291 1328 517 1376 significatio.
545 1329 629 1365 vide
646 1328 859 1378 Rigaltium.

384 1403 591 1438 Glossarium
638 1404 866 1439 Bibliothecae
916 1404 1005 1448 Reg.
1058 1400 1261 1448 ἆδνούμιον
1309 1402 1512 1450 κατάλογος
1558 1415 1732 1448 στρατιω-

294 1448 380 1482 τῶν.
438 1461 495 1483 eos
520 1449 633 1494 itaque
664 1454 779 1484 censet
803 1449 1038 1484 adnumiastes.
1090 1449 1229 1495 exponit
1268 1449 1442 1484 dictionem
1476 1449 1665 1494 Rigaltius3
1691 1461 1734 1484 ex

297 1505 336 1527 eo
368 1494 464 1539 plura
499 1499 666 1529 mutuatur
702 1495 888 1538 Meursius,
924 1506 967 1528 ex
999 1495 1149 1529 Meursio
1183 1496 1387 1538 Gretserus,
1427 1507 1470 1530 ex
1494 1500 1637 1540 utroque
1653 1506 1736 1529 cun-

299 1544 352 1572 cta
377 1541 594 1583 Bullengerus
622 1541 664 1575 ad
695 1542 845 1575 verbum.
892 1540 1008 1575 eadem
1035 1539 1190 1584 ingerere
1222 1540 1456 1585 importunum.
1504 1541 1734 1585 Theophobus

299 1585 389 1628 apud
414 1586 603 1619 cedrenum
626 1587 662 1620 in
687 1586 899 1631 Theophilot
940 1583 1096 1625 πολλοὺς
1127 1582 1167 1619 ἐκ
1190 1583 1330 1620 τούτων
1353 1582 1547 1629 ἐμπρέπειν
1569 1588 1646 1626 τοῖς
1670 1585 1735 1632 βα·

298 1632 446 1670 σιλικοῖς
469 1627 645 1676 ἀξιώμασι
666 1628 873 1675 πεποιηκώς
893 1628 1018 1672 κώδιξι
1041 1634 1310 1675 στρατιωτικοῖς
1332 1629 1554 1678 (ἆδνουμίῳ)
1572 1628 1735 1676 ἀναγρά-

299 1687 429 1719 φεται,
462 1675 581 1721 τάγμα
604 1674 782 1719 Περσικὸν
806 1674 948 1716 τούτοις
969 1673 1163 1721 ὀνομάσας.
1208 1676 1351 1711 Nicetas
1373 1677 1407 1711 in
1433 1677 1585 1712 1saacio:
1613 1673 1738 1723 μετῄει

301 1719 370 1755 ὅσα
395 1722 467 1757 τῶν
491 1723 754 1767 στρατιωτικῶν
779 1720 847 1756 εἰσὶ
868 1720 1092 1766 καταλόγων.

390 1779 436 1815 ib,
462 1790 496 1812 v.
521 1781 553 1814 6.
592 1776 612 1813 ὁ
644 1775 843 1823 λογοθὲτης
875 1777 941 1812 τοῦ
964 1778 1235 1822 στρατιωτικοῦ]
1267 1781 1425 1823 quattuor
1451 1778 1583 1813 aeraria
1604 1788 1737 1812 numero

301 1824 387 1867 apud
415 1825 605 1868 Gregoram
631 1825 652 1858 l.
679 1826 717 1870 (ὃς
755 1821 801 1857 τοὶ
828 1820 894 1867 μὲν
916 1819 957 1857 ἐκ
986 1823 1053 1857 τοῦ
1083 1823 1268 1869 βασιλικοῦ
1297 1823 1518 1868 πρυτανείου
1557 1819 1739 1864 ἐδίδοντο,

299 1865 346 1902 τὰ
372 1867 412 1902 δὲ
435 1865 474 1903 ἐκ
497 1871 567 1903 τῶν
590 1870 875 1913 στρατιωτικῶν,
898 1867 945 1903 τοὶ
967 1865 1009 1902 δὲ
1033 1865 1071 1902 ἐκ
1094 1869 1165 1903 τῶν
1189 1869 1322 1903 κοινῶν
1345 1867 1409 1903 καὶ
1432 1867 1636 1903 ἰδιωτικῶν.
1667 1880 1740 1902 ma-

301 1924 386 1956 gnus
407 1915 580 1958 logotheta
606 1926 720 1948 sacras
745 1926 859 1948 omnes
883 1925 984 1958 gazas
1009 1916 1293 1958 recognoscebat,
1323 1915 1390 1948 τοῦ
1412 1914 1555 1958 γενικοῦ
1577 1914 1740 1958 publicas,

300 1960 372 1991 τῶν
396 1957 587 1993 οἰκειακῶν
610 1960 786 2004 privatas,
809 1960 862 1992 hic
887 1960 929 1992 de
948 1969 1014 2003 quo
1041 1970 1168 1999 sermo,
1198 1959 1231 1992 in
1256 1959 1375 1992 milites
1401 1959 1599 2002 erogandas.
1645 1970 1742 1992 aera-

302 2003 384 2036 rium
405 2005 548 2038 militare
570 2005 612 2038 ab
638 2008 786 2046 Augusto
812 2004 999 2037 institutum
1024 2003 1141 2037 scribit
1165 2004 1199 2037 in
1222 2004 1292 2037 eius
1319 2004 1390 2037 vita
1413 2004 1607 2038 Suetonius:
1637 2010 1740 2050 utque

280 2054 463 2093 ‘perpetuo
497 2061 538 2083 ac
571 2051 642 2083 sine
681 2050 887 2093 difficultate
928 2053 1078 2092 sumptus
1108 2049 1155 2081 ad
1185 2049 1324 2082 tuendos
1350 2060 1402 2083 eos
1430 2051 1742 2095 prosequendosque

303 2099 514 2137 suppeteret,
549 2095 721 2128 aerarium
752 2095 903 2127 militare
933 2105 1006 2126 cum
1034 2094 1261 2138 vectigalibus
1295 2096 1392 2128 novis
1422 2095 1586 2130 instituit.
1644 2107 1743 2130 cura-

302 2146 423 2173 verunt
446 2139 610 2173 aerarium
632 2139 737 2184 primo
758 2144 973 2182 quaestores,
1007 2142 1095 2171 teste
1121 2140 1227 2172 Dione
1253 2139 1276 2172 l.
1302 2139 1365 2181 43,
1399 2139 1574 2184 aliquando
1604 2141 1743 2184 aediles,

302 2190 461 2218 narrante
488 2185 649 2219 Suetonio
674 2185 707 2217 in
736 2185 908 2228 Augusto,
951 2194 1180 2228 nonnunquam
1205 2188 1397 2229 praetores,
1429 2186 1544 2219 eodem
1579 2187 1742 2221 Suetonio

303 2232 492 2264 referente:
530 2230 630 2264 rediit
658 2230 776 2263 iterum
812 2230 854 2262 ad
887 2233 1104 2272 quaestores,
1135 2230 1182 2264 ait
1201 2230 1264 2263 Dio
1288 2230 1320 2264 in
1347 2231 1512 2275 Claudio3
1542 2243 1582 2265 ac
1614 2232 1743 2266 demum

307 2276 378 2308 eius
420 2275 524 2309 omnis
557 2286 635 2309 cura
670 2286 770 2319 penes
798 2275 989 2318 logotlietas
1024 2275 1154 2309 mansit.
1215 2276 1311 2309 huius
1344 2277 1450 2310 adhuc
1474 2278 1744 2320 στρατιωτικοῦ,

305 2332 424 2364 nempe
454 2319 676 2365 λογοθέτου,
713 2328 807 2353 sexta
839 2319 996 2363 synodus
1033 2324 1098 2353 act.
1132 2324 1146 2356 1
1177 2324 1211 2354 et
1234 2321 1375 2365 septima
1401 2326 1468 2356 act.
1502 2326 1518 2356 1
1549 2323 1744 2356 meminere:

307 2366 404 2399 modo
426 2366 625 2411 imperialem
651 2365 874 2409 logothetam,
898 2365 994 2398 modo
1017 2370 1226 2409 quaestorem
1254 2367 1403 2401 militaris
1427 2367 1546 2401 aerarii
1571 2368 1746 2402 reddidere

306 2411 522 2491 interpregs.
568 2412 681 2446 laudes
708 2410 886 2444 Cabasilae
907 2410 1099 2454 logothetae
1122 2412 1271 2446 militaris
1297 2413 1509 2458 prosequitur
1533 2413 1744 2447 Cantacuze-

311 2468 372 2490 nus
492 2483 499 2491 .

398 2514 443 2547 ib.
473 2524 508 2547 v·
531 2515 563 2548 7.
589 2510 609 2547 ὃ
634 2509 980 2556 πρωτοϊερακὰριος]
1009 2523 1170 2557 aucupum
1195 2514 1362 2558 regiorum
1388 2515 1597 2559 praefectus,
1621 2515 1747 2560 quique

308 2559 513 2593 enutriendis
540 2559 751 2603 accipitribus
780 2559 897 2603 aquilis
919 2559 1104 2592 falconibus
1137 2563 1172 2592 et
1198 2560 1463 2604 praedatricibus
1496 2561 1746 2605 quibuscunque

309 2605 428 2638 avibus
454 2616 494 2637 ex
519 2604 730 2648 imperatoris
752 2605 904 2638 mandato
929 2609 1046 2637 vacat:
1073 2616 1209 2648 magnus
1236 2606 1436 2639 falconarius
1462 2606 1585 2639 nostris
1614 2605 1747 2641 dicitur.

309 2649 534 2683 Andronicum
559 2651 718 2684 iuniorem
741 2651 847 2683 refert
872 2649 1052 2683 Phrantzes
1078 2652 1095 2684 1
1120 2652 1162 2684 12
1178 2651 1354 2696 accipitres
1371 2662 1472 2697 supra
1487 2650 1576 2686 mille
1590 2650 1748 2696 quadrin-

311 2700 452 2740 gentoS,
481 2696 686 2741 totidemque
709 2695 766 2740 qui
790 2699 962 2738 curarent,
989 2695 1125 2730 aluisse.

401 2752 447 2788 ib.
473 2763 507 2785 v.
534 2753 566 2787 8.
598 2748 618 2785 ὃ
642 2749 842 2796 λογοθὲτης
865 2752 937 2786 τῶν
964 2748 1114 2796 ἆγελῶν]
1153 2756 1302 2786 armenta
1331 2763 1521 2797 gregesque
1549 2751 1750 2798 praecipuos

313 2797 412 2831 fuisse
435 2809 552 2842 regum
577 2799 785 2844 antiquorum
817 2809 934 2832 census
957 2808 1073 2832 sacrae
1093 2797 1211 2833 literae
1233 2803 1388 2833 narrant:
1419 2802 1516 2833 erant
1546 2797 1647 2832 etiam
1675 2796 1749 2842 agri
