1864 3164
291 202 398 254 3341
503 201 779 248 GRETSERI
799 201 871 244 ET
895 198 1071 244 GOARI
1088 197 1529 243 COMMENTARIUS

285 314 409 365 vium,
437 317 476 352 et
500 325 596 364 quae
615 315 704 352 sunt
731 308 808 364 πρὸ
836 312 906 362 τῆς
934 305 1188 363 τυροφάγου,
1218 311 1258 345 et
1271 305 1545 346 hebdomadem
1562 306 1636 357 τῆς
1655 304 1744 347 δια-

285 371 540 424 καινησίμου.
595 373 633 409 in
656 372 703 408 iis
731 370 819 407 enim
850 366 1038 414 solvimus,
1078 365 1201 415 inquit
1225 363 1444 415 Balsamon‚
1473 365 1559 414 quia
1587 363 1746 413 ieiunant

287 429 446 467 Armenii
461 429 599 479 propter
624 424 822 465 Ninivitas.
878 425 916 462 in
943 436 980 461 eo
1006 423 1070 474 qui
1095 426 1146 460 est
1171 425 1254 460 ante
1280 421 1572 472 εαηιῖφήυίωη,
1600 423 1636 458 et
1651 420 1690 458 in
1706 430 1748 460 eo

289 487 355 537 qui
379 489 430 523 est
455 488 536 522 ante
563 479 815 536 τυροφοὶγον,
843 480 1010 518 haeretici
1033 478 1220 517 tetraditae
1248 489 1418 528 mag-num
1438 477 1606 514 ieiunium
1631 475 1747 513 obser-

285 544 398 586 vant‚-
426 539 605 578 hebdomas
628 542 744 577 autem
764 539 837 588 τῆς
856 535 1160 586 διακαινησὶμου
1182 537 1351 585 tanquam
1372 534 1444 584 ipsc
1463 544 1614 582 magnus
1634 531 1747 573 dami-

287 600 388 636 nicus
417 594 633 648 (paschae)
671 595 746 633 dies
767 597 964 645 reputatur.
1018 592 1114 630 idem
1152 591 1263 629 docet
1295 587 1517 628 Anastasius
1550 587 1747 640 episcopus

286 653 496 692 Caesareae
516 651 750 690 Palaestinae
777 653 885 689 tract.
914 649 962 687 de
987 648 1210 696 Artabano,
1237 644 1302 685 ubi
1323 645 1423 684 inter
1449 644 1702 683 hebdomadas
1722 656 1748 682 a

286 709 424 748 ieiunio
467 707 578 760 plane
617 710 798 759 exceptas
828 706 936 758 ponit
971 701 1043 758 τὴν
1083 699 1292 757 ἑβδομάδα,
1324 704 1398 753 τῆς
1428 701 1748 755 διακαινησίμου.

287 766 446 804 eandem
478 765 749 803 hebdomadem
781 763 878 801 inter
909 765 1084 814 exceptas
1115 762 1285 799 numerat
1318 756 1494 797 Nicolaus
1539 756 1751 810 patriarcha

290 822 514 875 Cpolitanus
530 822 571 861 in
588 821 754 859 versibus
772 820 823 858 ad
841 818 1080 859 Anastasium
1097 816 1235 856 montis
1258 810 1364 854 Sinai
1386 813 1603 854 antistitem.

400 878 634 929 Rogationes
654 878 848 916 triduanae
869 883 959 915 ante
984 874 1234 913 ascensionem
1259 871 1398 912 domini
1423 870 1577 911 Graecis
1598 870 1752 922 ignotae

290 941 404 983 sunt3
428 948 497 974 nec
521 935 595 973 ulla
617 934 758 973 habent
776 937 878 971 stata
893 931 1027 971 ieiunia
1043 932 1141 969 inter
1156 929 1296 982 pascha
1313 931 1353 966 et
1371 930 1625 980 pentecosten.
1680 941 1754 978 νη-

292 993 403 1033 στεία
422 990 497 1046 γοῖρ
519 988 569 1032 ου’
589 990 822 1046 γέγραπται,
851 984 946 1030 οὐδὲ
964 988 1219 1042 mummola,
1248 985 1370 1036 inquit
1391 983 1567 1022 Nicolaus
1594 983 1753 1036 patriar-

292 1050 365 1088 cha
387 1049 435 1088 de
464 1053 633 1100 tempore
660 1049 758 1086 inter
778 1045 919 1098 pascha
950 1048 990 1083 et
1013 1046 1266 1097 pentecosten.
1321 1040 1408 1079 vide
1426 1040 1610 1092 Typicum
1628 1039 1754 1078 Sabae

292 1120 327 1145 c.
347 1106 412 1147 51.
467 1105 653 1145 consentit
674 1117 757 1143 cum
779 1103 836 1142 his
859 1102 996 1141 nostris
1013 1100 1245 1139 Glossarium
1269 1097 1652 1147 Graeco-barbarum,
1679 1096 1750 1134 nisi

293 1162 402 1213 quod
432 1162 542 1200 scribi
567 1162 671 1200 iubet
695 1159 995 1212 διακαινίσιμος.
1052 1157 1121 1196 sed
1146 1154 1296 1194 rituales
1331 1154 1415 1193 libri
1439 1154 1663 1207 scripturam
1684 1165 1753 1191 no-

293 1224 412 1259 stram
435 1219 654 1270 plerumque
674 1218 902 1268 praeferunt.
1296 1250 1298 1253 ,

406 1274 601 1314 Dominica
615 1275 712 1312 hanc
733 1271 1002 1311 hebdomadem
1022 1269 1275 1321 subsequens,
1311 1280 1409 1321 quae
1428 1265 1536 1307 nobis
1554 1269 1614 1304 est
1635 1263 1755 1304 domi-

292 1332 377 1371 nica
394 1331 434 1369 in
457 1331 572 1381 albis,
604 1331 757 1368 Graecis
779 1333 839 1367 est
859 1325 981 1378 καινή
998 1323 1027 1378 ’ἢ
1048 1325 1122 1366 νέοι
1141 1320 1336 1379 κυριακή,
1370 1337 1462 1364 nova
1479 1322 1674 1371 donanim,
1715 1320 1755 1358 in
1807 1343 1809 1345 -

292 1401 407 1438 quam
425 1391 550 1426 exstat
571 1387 691 1424 oratio
707 1386 746 1423 S.
766 1383 938 1434 Gregorii
955 1382 1209 1431 Nazianzeni‚
1237 1386 1277 1419 et
1299 1385 1358 1419 est
1385 1380 1505 1419 oratio
1535 1377 1602 1419 43.
1657 1378 1757 1415 eius-

294 1446 381 1483 dem
399 1444 538 1482 mentio
555 1443 599 1480 fit
618 1443 657 1479 in
674 1453 816 1479 canone
837 1441 890 1481 66
917 1436 1110 1476 Trullano.
1165 1440 1319 1483 vocatur
1345 1436 1460 1474 etiam
1491 1430 1663 1484 κυριακή
1681 1435 1759 1473 τοῦ

295 1497 541 1552 οἷντιπᾶσχα,
570 1499 676 1548 quasi
699 1498 876 1537 dominica
899 1494 1054 1546 paschae
1081 1495 1236 1543 opposita
1263 1504 1331 1530 seu
1354 1490 1578 1542 respondens,
1614 1492 1655 1527 et
1685 1504 1758 1528 κυ-

296 1553 418 1610 ριακὴ
454 1557 528 1597 τοῦ
569 1557 695 1606 Θωμᾶ
730 1566 797 1591 seu
829 1547 1066 1602 ψηλάφησις
1095 1551 1169 1588 τοῦ
1198 1547 1316 1601 ἁγίου
1348 1543 1512 1595 ἐνδόξου
1537 1542 1758 1585 ἀποστόλου

297 1615 426 1666 Θωμᾶ
437 1641 449 1662 ,
491 1612 595 1662 quod
618 1624 663 1649 eo
694 1611 754 1648 die
777 1609 924 1659 legatur
951 1604 1182 1655 evangelium
1209 1605 1257 1643 de
1279 1603 1430 1642 Thoma
1456 1600 1652 1654 apostolo,
1679 1613 1759 1640 ma·

295 1683 387 1710 num
410 1682 517 1708 suam
536 1669 576 1706 in
599 1666 752 1706 fixuram
770 1666 977 1714 clavorum,
1005 1661 1146 1700 Christi
1169 1662 1372 1712 mandato,
1398 1660 1632 1698 immittente.

317 1760 320 1763 ’
391 1747 438 1781 ib.
459 1758 496 1782 v.
513 1746 547 1781 5.
571 1745 637 1789 τῆς
657 1739 847 1787 ἐκκλησίας
866 1736 1073 1784 ἀρχόντων]
1097 1736 1121 1771 ii
1142 1740 1222 1772 sunt
1244 1735 1416 1782 praecipui
1439 1745 1580 1779 maguae
1594 1731 1760 1767 ecclesiae

298 1792 465 1828 officiales
500 1802 542 1826 ac
575 1790 608 1824 in
640 1789 804 1833 dignitate
835 1784 1029 1826 constituti,
1053 1793 1138 1829 quos
1170 1782 1273 1818 etiam
1297 1781 1398 1827 vulgo
1429 1780 1498 1816 τοῦ
1529 1775 1761 1824 πατριάρχου

298 1836 501 1884 σύγκλητον
528 1837 756 1882 patriarchae
777 1837 931 1869 senatum
955 1830 1081 1865 dicunt.

395 1905 441 1940 ib.
466 1916 502 1941 v.
526 1905 580 1938 12.
602 1901 769 1947 εὖλογεῖ]
802 1900 987 1935 orationem
1010 1909 1032 1932 a
1053 1895 1247 1943 patriarcha
1273 1892 1482 1941 pronuntiari
1503 1892 1633 1928 solitam
1658 1902 1762 1936 repe·

303 1952 372 1986 ries
395 1952 429 1984 in
452 1949 693 1993 Euchologicis
716 1947 858 1982 nostris:
879 1942 1006 1984 ὁσάκις
1029 1939 1121 1988 ἔλθῃ
1146 1939 1166 1977 ὁ
1191 1939 1418 1986 πατριάρχης
1440 1937 1494 1980 εἰς
1513 1935 1580 1974 τὸν
1597 1934 1762 1983 βασιλέα,

304 1993 498 2040 ἐξαιρέτως
520 1992 563 2029 δὲ
585 1995 631 2040 τῇ
653 1991 799 2039 πέμπτῃ
822 1993 887 2036 τῆς
909 1990 1204 2032 διακαινησίμου.

321 2075 331 2081 ”
396 2063 443 2098 ib.
467 2074 499 2097 v.
522 2064 576 2098 18.
599 2058 710 2106 εὐχὴν
723 2056 899 2102 ἐπειπών]
920 2055 1029 2090 oratio
1044 2054 1192 2089 secundo
1207 2063 1228 2087 a
1247 2050 1441 2098 patriarcha
1457 2048 1630 2086 fundenda
1643 2048 1762 2084 eodem

305 2107 511 2153 Euchologii
532 2108 607 2142 loco
629 2106 797 2153 reperitur
819 2104 863 2139 ad
885 2102 1010 2137 calcem
1033 2099 1156 2145 operis.

418 2178 467 2218 ib.
491 2189 527 2216 v.
559 2179 624 2218 20.
667 2175 714 2212 de
747 2175 844 2212 festo
872 2173 1106 2224 pentecostes
1134 2169 1218 2206 vide
1246 2179 1343 2218 quae
1374 2166 1586 2218 scripsimus
1602 2164 1626 2203 l.
1657 2167 1682 2207 1
1713 2164 1762 2202 de

303 2235 412 2274 festis
435 2247 467 2273 c.
499 2235 566 2274 28.
632 2231 718 2270 olim
745 2231 783 2268 in
811 2230 908 2267 festo
937 2227 1173 2280 pentecostes
1200 2225 1386 2277 processio
1418 2222 1681 2261 instituebatur
1711 2221 1763 2260 ad

308 2291 488 2343 templum
508 2290 548 2329 S.
565 2287 676 2328 Moeii
692 2286 888 2336 martyfis,
915 2286 973 2324 cui
991 2284 1072 2335 ipse
1090 2283 1202 2320 etiam
1227 2283 1427 2332 imperator
1451 2281 1638 2318 intererat.
1694 2277 1763 2315 sed

305 2353 443 2402 postea
467 2347 647 2397 abrogata
666 2348 725 2382 est
740 2343 788 2382 ob
810 2355 958 2380 causam
983 2353 1095 2390 quam
1123 2343 1329 2377 memorant
1354 2337 1488 2376 Graeci
1512 2334 1696 2385 historici,
1721 2337 1764 2371 et

306 2408 347 2444 in
373 2406 430 2444 his
457 2404 595 2455 Glycas
619 2403 668 2442 de
699 2399 827 2439 Leone
859 2397 1081 2449 philosopho
1109 2397 1331 2446 imperatore
1358 2407 1397 2446 p.
1425 2394 1484 2431 ed.
1518 2392 1638 2430 Bonn.
1668 2387 1764 2432 654.

170 2482 198 2516 1»
220 2478 287 2516 247
312 2474 428 2513 quare
455 2474 532 2500 non
562 2459 694 2498 mirum
721 2458 753 2496 si
769 2456 937 2494 Codinus
957 2455 1016 2491 die
1036 2457 1271 2504 pentecostes
1288 2452 1366 2489 eius
1382 2449 1520 2491 nullam
1540 2447 1771 2487 mentionem,

310 2520 423 2570 facit,
451 2516 752 2569 quandoquidem
773 2514 846 2551 iam
870 2511 1013 2563 pridem
1029 2510 1209 2559 abrogata
1230 2509 1361 2547 fuerat.

331 2608 334 2610 .
431 2573 645 2613 Proeleusin
670 2584 737 2609 seu
765 2568 1037 2622 processionem
1054 2565 1285 2616 imperatoris
1311 2564 1372 2603 die
1394 2564 1629 2613 pentecostes
1653 2558 1704 2597 ad
1724 2557 1765 2595 S.

310 2633 493 2685 Sdphiam
516 2630 720 2669 admodum
736 2627 885 2675 festive,
914 2624 1003 2674 quin
1030 2627 1070 2660 et
1086 2622 1236 2660 ridicule
1253 2619 1428 2659 describit
1445 2616 1702 2669 Luitprnndus
1726 2614 1765 2651 in

312 2703 381 2728 sua
408 2690 458 2726 ad
491 2685 742 2738 Nicephorum
774 2683 937 2722 Phocam
965 2679 1170 2728 legatione,
1211 2693 1249 2729 p.
1283 2678 1363 2720 347
1385 2675 1505 2714 Bonn.
1561 2674 1629 2710 sed
1658 2669 1766 2709 Luit-

316 2745 483 2799 prandiis
507 2742 674 2782 fortassis
693 2741 845 2780 sinistro
866 2751 934 2777 suo
960 2735 1109 2775 aflectui
1132 2736 1170 2772 in
1195 2734 1383 2783 Graecos,
1411 2743 1444 2770 Ξι),
1467 2729 1600 2779 quibus
1631 2726 1671 2765 in
1698 2726 1768 2764 hac

317 2802 480 2840 secunda
506 2813 575 2838 sua
609 2798 795 2848 legatione
822 2808 898 2834 non
925 2793 1021 2832 bene
1051 2791 1199 2829 habitus
1239 2791 1382 2838 suerat,
1423 2785 1572 2824 nimium
1600 2783 1767 2830 indulsit.

321 2858 431 2911 longe
456 2857 561 2899 aliter
582 2855 749 2896 cedinus
780 2865 862 2898 cum
888 2852 927 2891 in
959 2849 1030 2889 hoc
1050 2848 1163 2899 libro,
1193 2851 1270 2886 tum
1298 2847 1337 2886 iu
1367 2842 1580 2894 Originibus
1598 2839 1768 2895 Cpolita-
