1864 3164
287 184 385 230 290
483 183 757 229 GRErsEm
777 184 851 227 Er
877 183 1048 228 GoAm
1068 159 1525 228 COMMENTARIUS.

286 292 423 327 mittens
435 316 446 335 ,
469 302 510 326 ac
532 291 676 337 denique
697 289 787 326 sacci
808 289 952 333 figuram
973 289 1142 331 referens,
1163 300 1280 324 saccus
1302 292 1367 325 est.
1388 289 1491 324 rubro
1505 289 1619 324 colore
1639 287 1743 333 tingit

285 349 336 372 ms
358 338 550 380 Tannum,
575 337 718 381 Regium
749 334 985 379 Sandionysii,
1017 335 1186 370 Manuelis
1208 335 1315 370 ultimi
1335 335 1535 381 Ioannisque
1557 335 1616 369 filii
1636 335 1678 368 im
1704 346 1744 371 e-

285 387 435 428 natorum
459 387 563 417 totam
587 382 735 426 effigiem
767 384 1052 427 repraesentans,
1073 380 1238 418 violaceo.
1261 385 1403 426 uterque
1425 391 1616 427 purpureus
1638 380 1681 415 ha
1705 391 1744 414 e-

285 434 345 463 tur
366 433 402 463 et
423 429 661 474 imperatorem
684 427 794 462 decet.

396 504 445 542 ib.
465 516 499 542 v.
517 503 583 543 21.
612 499 779 552 φυᾶλιν]
810 500 864 539 ita
891 501 1064 540 scribitur
1090 501 1192 553 apud
1217 500 1415 539 Codinum.
1470 500 1658 550 integrum
1685 503 1744 538 est

286 554 489 608 φυάλιον,
517 558 644 597 velum.
699 560 772 596 viri
787 557 906 607 docti,
933 558 1004 597 hoc
1021 561 1079 596 est
1096 557 1244 608 Iunius,
1271 557 1393 607 inquit
1416 551 1658 605 Glossarium,
1685 559 1744 594 in-

286 619 521 666 terpretantur
558 616 708 652 vitream
743 614 939 652 carbasum.
1012 627 1079 653 non
1113 615 1293 652 assentior.
1368 614 1569 652 recentiores
1616 613 1748 651 Graeci

287 673 457 710 crassiore
479 671 772 721 pronuntiatione
794 673 828 708 et
858 666 1144 718 πλατυᾶζοντες
1201 671 1254 707 εἰσ
1283 668 1468 718 efferebant
1497 668 1609 706 velum
1636 666 1747 716 Lau*-

287 739 420 765 norum.
478 726 656 764 Germani
682 725 834 775 quoque
863 730 999 764 vocant
1023 738 1168 764 sacrum
1195 724 1340 775 velum,
1368 735 1445 774 quo
1476 722 1652 762 moniales
1682 734 1747 762 ve-

289 783 433 833 lantur,
457 785 515 821 ein
533 781 653 820 weilael
669 794 736 819 seu
755 781 856 831 weil,
883 783 1078 821 manifesta
1095 795 1140 820 ex
1155 780 1286 820 vocula
1302 780 1378 819 velo
1403 780 1555 831 origine.
1608 825 1615 827 μ

387 859 526 906 φιάλην
554 861 596 896 ad
632 873 685 896 me
724 861 842 896 scribit
876 861 1047 907 Georgius
1098 861 1260 896 Ceresius
1296 860 1472 903 Chiensis,
1515 869 1655 904 eamque
1686 869 1748 892 vo—

296 910 352 942 cat
397 904 687 952 πολυχρώματον
715 903 930 951 ὑφασμένην
967 906 1030 942 καὶ
1066 904 1316 951 πεπλεγμένην
1354 903 1590 948 καλύπτραν,
1622 904 1748 949 capitis

295 953 451 998 tegimen
475 953 584 987 variis
606 954 773 987 coloribus
795 955 1025 987 intertextum.
1050 963 1093 986 an
1117 953 1160 986 ob
1183 963 1310 998 pennas
1343 951 1400 985 vel
1426 950 1609 985 volitantes
1640 949 1749 984 mobi-

296 1000 416 1043 lesque
438 1009 586 1043 gemmas
608 996 756 1042 φυοίλην
785 999 955 1032 fontanam
979 998 1162 1031 machinam
1194 997 1387 1041 grandinem
1414 1006 1571 1041 aquarum
1603 1005 1749 1040 superne

297 1048 505 1078 eructantem
527 1043 632 1078 fuerit
655 1043 805 1086 imitata,
827 1043 911 1079 alius
933 1042 1145 1079 iudicaverit.
1177 1042 1221 1077 de
1250 1042 1377 1089 phyala
1399 1042 1494 1077 fonte
1515 1041 1552 1076 in
1574 1039 1749 1075 Eucholo-

297 1089 384 1134 gicis
404 1089 634 1124 disseruimus.

404 1172 442 1210 p.
463 1158 514 1200 51
536 1170 570 1196 v,
598 1160 632 1199 1.
662 1157 899 1210 tropaeuchia
918 1170 942 1196 a
957 1161 1094 1209 tropaeo
1108 1169 1175 1196 seu
1191 1157 1384 1210 trophaeo.

384 1239 548 1284 Tropaea
588 1242 687 1275 somt
713 1238 797 1272 baec
844 1237 945 1272 dictio
981 1238 1254 1283 triumphosque,
1303 1249 1367 1273 nec
1407 1235 1590 1271 immeritm
1643 1234 1751 1269 refert

296 1284 384 1318 enim
414 1289 592 1328 augustum
622 1283 704 1318 illud
735 1289 771 1318 et
802 1283 986 1329 pretiosum
1023 1284 1170 1328 tegimen
1209 1283 1330 1328 capitis
1375 1282 1552 1317 candicans
1582 1283 1620 1315 et
1656 1291 1751 1324 gem-

295 1329 554 1420 lmeisscgapstum,
586 1339 653 1374 quo
675 1329 718 1363 de
749 1334 850 1374 parta
872 1327 1018 1363 victoria
1038 1329 1256 1364 laetabantur
1276 1329 1507 1375 imperatores.
1530 1325 1692 1361 Ceresius
1715 1325 1751 1359 in

409 1445 459 1482 ib.
478 1456 512 1481 v.
532 1446 569 1484 2.
598 1442 850 1482 Iustinianeum
866 1455 889 1482 a
901 1442 1106 1481 Iustiniano
1127 1443 1369 1494 imperatore,
1390 1442 1452 1507 qni
1470 1441 1570 1492 quali
1589 1441 1751 1491 tegmine

299 1500 431 1551 capitis
451 1511 540 1536 usus
560 1499 622 1549 sit,
642 1503 799 1551 apparet
816 1499 940 1548 aliquo
958 1500 1069 1536 modo
1089 1511 1134 1537 ex
1156 1500 1317 1548 antiquis
1334 1498 1577 1548 numismatis,
1595 1509 1752 1547 quorum

300 1556 479 1594 nonnulla
493 1555 621 1593 lectori
641 1556 846 1607 spectanda
863 1555 1122 1607 proposuimus
1141 1559 1230 1593 tom.
1252 1557 1278 1596 3
1304 1556 1351 1592 de
1370 1556 1411 1592 S.
1429 1555 1549 1592 Cruce
1570 1558 1590 1595 1
1611 1556 1677 1595 20.

414 1632 588 1672 Dixeram
615 1634 639 1672 l.
667 1633 690 1671 l.
718 1632 934 1670 Iustinianei
956 1633 1114 1670 formam
1138 1645 1220 1670 esse
1244 1644 1358 1682 quam
1381 1632 1518 1670 ibidem
1538 1642 1752 1682 repraesen-

301 1693 403 1727 tatus
432 1702 601 1726 nummus
630 1690 805 1738 antiquus
831 1688 989 1726 exhibet.
1045 1689 1231 1738 improbat
1259 1689 1330 1727 hoc
1362 1688 1443 1727 Nic.
1471 1688 1697 1725 Alemannus
1713 1687 1752 1724 in

301 1746 563 1783 commentario
591 1746 640 1782 ad
665 1757 838 1783 arcanam
861 1745 1052 1782 historiam
1080 1744 1270 1795 Procopii,
1300 1745 1386 1794 quia
1403 1747 1491 1782 ante
1511 1744 1754 1781 Iustinianum

305 1801 543 1838 Theodosius
574 1801 784 1838 Marcianus
817 1799 896 1838 Leo
931 1801 1034 1838 Zeno
1069 1800 1288 1839 Anastasius
1325 1805 1364 1838 et
1397 1800 1560 1837 Iustinus
1598 1800 1753 1837 eandem

304 1853 509 1910 πτερωτήν
531 1859 673 1895 cristam
693 1857 732 1894 in
755 1855 862 1906 galea
887 1861 1102 1906 gestarunt,
1127 1861 1170 1895 ut
1191 1857 1230 1894 in
1247 1869 1373 1893 eorum
1389 1856 1616 1894 numismatis
1637 1867 1754 1905 appa-

306 1917 383 1958 ret3
408 1916 522 1962 atque
550 1912 612 1950 illa
642 1915 702 1950 est
729 1924 842 1961 quam
867 1913 1148 1963 τροπαιουχίαν
1164 1916 1332 1951 vocatam
1351 1913 1447 1950 idem
1467 1912 1634 1950 Codinus
1654 1911 1754 1948 affir-

306 1972 395 2005 mat.
451 1980 577 2005 verum
604 1972 647 2005 ut
676 1967 900 2005 Iustinianus
925 1969 1090 2017 integras
1110 1968 1219 2005 urbes
1240 1972 1278 2005 et
1294 1981 1353 2005 res
1370 1968 1458 2005 alias
1483 1980 1506 2005 a
1521 1980 1590 2004 suo
1606 1966 1754 2004 nomine
1807 1986 1817 1999 ’ψ

306 2022 502 2060 ambitiose
533 2023 736 2060 nominavit
764 2024 952 2060 exstinctis
978 2024 1108 2073 priscis
1139 2023 1471 2073 appellationibus,
1509 2022 1563 2061 ita
1600 2026 1640 2060 et
1669 2022 1755 2060 huic

304 2078 437 2129 capitis
458 2077 650 2129 φορὲματι
667 2090 733 2114 seu
754 2078 950 2127 gestamini
979 2090 1088 2114 suum
1117 2090 1253 2115 nomen
1281 2078 1470 2128 imponere
1495 2078 1641 2128 potuit,
1669 2078 1754 2116 licet

304 2134 354 2170 ab
389 2133 684 2171 antecessoribus
709 2134 786 2169 suis
825 2133 937 2170 etiam
969 2137 1188 2183 usurpatum
1221 2134 1362 2171 suisset.
1418 2138 1458 2171 at
1489 2134 1754 2172 Iustinianeum

304 2188 376 2227 hoc
395 2189 564 2226 diadema
582 2201 658 2226 non
690 2188 858 2226 bellicum
885 2192 954 2226 aut
982 2193 1169 2227 castrense
1192 2190 1284 2240 fuit,
1317 2190 1384 2227 sed
1408 2190 1581 2237 civicum3
1612 2203 1686 2239 quo
1715 2193 1755 2228 et

302 2245 344 2282 in
365 2245 478 2281 sacris
503 2249 542 2282 et
559 2245 597 2282 in
626 2244 784 2282 ecelesiis
815 2244 998 2282 utebatur.
1053 2246 1122 2282 sed
1152 2249 1191 2283 et
1218 2246 1384 2284 Codinus
1412 2247 1502 2284 satis
1522 2246 1660 2284 indicat
1677 2250 1756 2283 tro-

306 2300 511 2351 paeuchian
546 2304 585 2337 et
620 2300 886 2337 Iustinianeum
918 2304 957 2338 et
997 2300 1069 2338 alia
1105 2301 1256 2340 arbitrio
1282 2303 1512 2354 imperatoris
1544 2306 1621 2340 tam
1653 2302 1754 2340 domi

308 2368 420 2405 quam
441 2356 527 2394 alibi
543 2359 709 2406 gestata:
731 2356 784 2393 ait
816 2355 930 2393 enim:
960 2355 1024 2396 ἐπὶ
1051 2354 1095 2396 δὲ
1126 2361 1304 2409 κεφαλῆς
1332 2357 1535 2410 φορὲματα
1563 2354 1753 2411 διάφορα,

308 2410 405 2451 ποτὲ
425 2410 497 2463 μὲν
516 2410 559 2452 τὸ
590 2407 879 2463 ὀνομαζόμενον
905 2414 1212 2465 τροπαιουχίαν,
1239 2412 1333 2454 ποτὲ
1360 2412 1403 2454 δὲ
1425 2410 1753 2464 Ἰουστινιᾶνειον,

309 2467 354 2508 ἐν
378 2465 512 2516 ἄλλοις
530 2466 572 2508 δὲ
590 2466 804 2521 ὑπέρτερον
821 2471 890 2505 etc.
918 2465 999 2508 α’πό
1026 2466 1098 2520 μὲν
1119 2463 1193 2510 οὖν
1211 2467 1403 2510 τοιούτων
1423 2466 1657 2522 φορεμάτων
1675 2484 1754 2519 φο-

309 2526 374 2574 ρεῖ
395 2522 419 2563 ό
443 2521 627 2574 βασιλεΰς
652 2519 717 2563 οἷα
751 2519 803 2563 ἂν
833 2519 1031 2575 βούλοιτο.
1088 2536 1133 2563 ex
1167 2526 1299 2575 quibus
1327 2526 1462 2564 codini
1493 2525 1612 2564 verbis
1637 2525 1753 2575 liquet

307 2579 569 2629 imperatorem
586 2580 687 2617 varia
701 2579 871 2617 habuisse
889 2580 1019 2630 capitis
1041 2580 1264 2632 φορέματα,
1295 2586 1335 2620 et
1358 2582 1537 2620 arbitratu
1562 2594 1630 2619 suo
1654 2593 1754 2618 nunc

308 2634 380 2671 hoc
397 2647 495 2672 nunc
525 2635 616 2672 illud
644 2639 823 2686 gestasse.
880 2634 1093 2673 Iustinianei
1122 2638 1276 2675 formam
1306 2637 1412 2675 nobis
1437 2637 1661 2675 Alemannus
1689 2649 1754 2674 ex-

307 2689 411 2726 hibet
430 2703 473 2727 ex
495 2691 623 2729 tabula
653 2692 831 2741 quadam,
858 2703 953 2740 quae
980 2705 1092 2742 opere
1118 2694 1258 2731 musivo
1282 2692 1480 2732 Ravennae
1507 2696 1647 2731 exstat:
1675 2703 1753 2730 non

308 2747 516 2794 negaverim
542 2747 785 2786 Iustinianum
813 2747 877 2785 tali
907 2747 1037 2797 capitis
1062 2752 1278 2799 tegumento
1311 2762 1436 2789 usum:
1481 2750 1550 2789 sed
1575 2748 1647 2789 hoc
1670 2760 1753 2788 esse

306 2801 427 2851 ipsum
444 2802 707 2844 Iustinianeum
724 2816 769 2843 ex
793 2803 920 2843 tabula
938 2803 999 2842 illa
1013 2806 1162 2856 probari
1181 2818 1257 2844 non
1277 2808 1413 2858 potest.
