1820 3178
304 198 401 244 206
503 199 778 244 GRETSERI
802 200 875 244 ET
900 198 1072 244 GOARI
1097 199 1532 245 COMMENTARIUS

300 305 377 341 titia
409 303 572 362 οὐραγοῦ
600 308 694 343 vices
723 307 871 351 obtinet,
905 306 964 353 qui
994 305 1101 342 Alexi}
1122 308 1216 343 tertii
1241 310 1394 353 tempore
1417 308 1507 344 circa
1529 309 1587 343 GP
1610 311 1740 355 captam

299 349 552 407 πανσέβαστος
581 351 753 400 σεβαστός
781 353 924 388 ridicule
953 353 1130 398 audiebat,
1163 354 1246 390 luris
1267 355 1338 390 GR.
1362 367 1396 401 p.
1424 354 1492 391 285
1523 355 1559 391 in
1585 365 1742 400 suprema

300 398 460 443 margine.

411 480 448 519 p.
471 469 522 511 12
539 481 572 506 v.
598 469 658 508 19.
704 466 769 508 ἐπὶ
802 469 878 510 τοῦ
908 467 1141 509 κανακλείου
1164 462 1233 522 ἦν]
1269 468 1365 507 male
1404 467 1551 508 Iunius:
1591 469 1743 510 canicleo

298 537 393 562 socer
405 526 621 574 imperatoris
630 529 789 574 praeerat
812 529 916 576 atque
937 525 1132 564 vehebatur.
1175 538 1305 563 sensus
1324 537 1430 563 verus
1457 529 1516 563 est
1544 537 1653 576 quem
1679 538 1742 568 ex-

297 580 438 630 pressi:
468 583 574 618 tanta
590 581 686 618 enim
700 585 780 618 erat
798 580 957 619 canaclei
975 581 1136 631 dignitas
1160 586 1204 619 ut
1221 585 1350 633 posset
1366 582 1562 632 impetrare
1579 582 1654 620 filio
1673 594 1742 620 suo

297 635 409 674 filiam
423 636 651 686 imperatoris
670 640 709 675 et
727 637 821 674 filiae
847 637 969 675 filium.
1007 637 1211 688 exemplum
1235 637 1396 676 invenies
1419 638 1521 688 apud
1538 638 1744 690 Gregoram

296 691 320 730 l.
341 695 365 734 7
386 695 424 729 et
439 692 739 731 Cantacuzenum
757 693 780 731 l.
807 695 840 734 1.
862 693 1012 731 Graecis
1030 695 1138 732 unico
1155 693 1334 732 vocabulo
1352 694 1484 731 dicitur
1500 694 1743 734 κανακλείων

296 748 492 788 canacleus.
523 749 624 799 apud
644 749 798 799 Tyrium
816 750 870 790 22
891 752 916 790 6
935 750 1135 788 canae-linus
1152 749 1378 801 appellatur,
1396 753 1440 787 ut
1457 750 1547 788 etin
1563 749 1743 801 Ligurino

300 803 483 841 Guntheri
501 803 525 842 l.
541 807 590 845 8:
617 806 747 844 Graeci
765 808 975 856 cognominis
993 819 1059 844 usu
1073 806 1151 844 hinc
1175 807 1368 844 caniclinus
1387 810 1483 856 erat,
1509 807 1606 845 nobis
1629 818 1743 845 came-

297 862 416 898 rarius
443 860 533 898 idem
555 873 624 900 esse
644 865 766 912 potest.
821 861 1027 901 Radevicus
1048 862 1294 900 cancellarium
1316 862 1579 913 interpretatur
1604 861 1628 901 l.
1652 863 1676 903 1
1696 862 1743 900 de

299 916 414 966 gestis
430 916 604 954 Friderici
622 917 714 969 Imp.
729 931 760 957 c.
780 917 855 961 47:
884 931 976 957 unus
994 919 1036 957 de
1055 921 1163 957 servis
1170 919 1308 969 palatii
1316 947 1328 967 ‚
1355 919 1559 956 canae-linus
1570 917 1743 968 videlicet,

299 985 398 1023 quem
410 986 471 1010 nos
493 974 737 1013 cancellarium
761 974 875 1013 dicere
890 987 1084 1025 possumus.
1111 987 1237 1012 verum
1249 987 1317 1013 nec
1337 975 1553 1012 camerarius
1570 987 1639 1012 nec
1656 987 1744 1013 can-

299 1027 463 1071 cellarius
485 1034 589 1081 erat,
621 1031 689 1069 sed
717 1031 854 1069 ordinis
888 1031 999 1082 longe
1029 1030 1188 1068 celsioris
1218 1036 1256 1068 et
1276 1031 1509 1080 augustioris.
1535 1035 1615 1069 erat
1634 1043 1744 1068 cana—

298 1084 416 1126 eleum
430 1087 728 1138 augustissimum
751 1090 790 1125 et
813 1087 1209 1136 magnificentissimum
1227 1086 1425 1137 palatium,
1447 1086 1505 1124 cui
1525 1087 1594 1124 sub
1615 1086 1743 1125 Theo-

298 1144 400 1196 philo
430 1145 650 1195 imperatore
691 1143 927 1182 iconomacho
961 1143 1106 1181 caniclei
1141 1142 1249 1181 titulo
1291 1146 1458 1193 praeerat
1490 1142 1744 1194 Theoctistus,

298 1204 407 1238 tanta
432 1201 552 1251 gratia
570 1201 671 1250 apud
693 1200 942 1251 Theophilum
965 1199 1107 1250 pollens
1136 1202 1179 1236 ut
1206 1199 1310 1248 quasi
1335 1199 1519 1236 secundus
1545 1199 1745 1251 imperator

298 1260 418 1306 esset,
445 1260 543 1294 teste
570 1257 718 1294 Zonara
746 1257 784 1294 in
814 1256 850 1294 T
853 1256 1034 1306 heophilo.
1057 1256 1270 1293 adiunctum
1292 1259 1372 1292 erat
1400 1255 1563 1293 eiusdem
1588 1256 1745 1294 nominis

297 1313 580 1362 monasterium,
602 1313 641 1350 in
661 1314 762 1362 quod
779 1311 1010 1363 Nicephorus
1029 1312 1245 1349 Botoniates
1259 1311 1377 1348 Alexii
1394 1312 1574 1350 Comneni
1598 1315 1637 1350 et
1655 1311 1747 1349 alio-

297 1381 380 1406 rum
413 1369 684 1406 coniuratorum
712 1373 867 1406 matrem
896 1372 935 1406 et
957 1369 1130 1418 coniuges
1165 1367 1397 1418 amandavit,
1426 1371 1469 1405 ut
1493 1367 1619 1406 scribit
1639 1368 1744 1418 *idem

297 1425 464 1464 Zonaras
483 1425 522 1462 in
535 1424 664 1463 Alexio
687 1425 890 1463 Comneno.

410 1490 469 1530 De
502 1491 661 1529 canicleo
697 1504 763 1529 seu
799 1491 986 1541 praefecto
1027 1491 1174 1530 caniclei
1206 1491 1372 1529 Codinus
1404 1503 1440 1542 p.
1470 1489 1523 1531 17
1550 1489 1608 1528 ed.
1636 1488 1744 1528 Iun.:

300 1544 326 1587 ὅ
351 1545 416 1588 ἐπὶ
444 1549 518 1587 τοῦ
545 1548 768 1587 κανικλείου
797 1544 1028 1599 ὀχούμενος,
1069 1560 1166 1597 equo
1203 1548 1340 1585 scilicet
1377 1546 1434 1586 vel
1473 1545 1544 1584 alio
1578 1544 1743 1583 vehiculo

295 1603 397 1641 intra
423 1603 545 1641 aulam
575 1603 827 1654 Cpolitanam3
859 1605 961 1653 quod
988 1603 1077 1641 nulli
1105 1604 1210 1641 alteri
1231 1616 1453 1642 concessum.
1509 1614 1646 1652 magna
1663 1605 1744 1638 erat

298 1659 484 1710 dignitas,
523 1660 624 1697 cuius
654 1660 791 1710 passim
818 1660 861 1698 fit
886 1660 1025 1698 mentio
1053 1661 1154 1711 apud
1181 1660 1374 1698 historicos
1403 1659 1577 1696 Graecos.
1635 1657 1745 1695 Ioan-

297 1727 364 1753 nes
393 1715 621 1766 Curopalata
643 1716 681 1753 in
710 1715 887 1753 Michaele
913 1715 1106 1754 Rancabe:
1149 1719 1286 1754 animae
1322 1715 1490 1767 quasdam
1517 1713 1675 1752 maculas
1696 1716 1743 1751 si·

296 1771 410 1810 mulat
429 1785 465 1809 se
488 1773 629 1822 quidam
656 1772 818 1821 religioso
845 1773 1019 1823 explicare
1042 1772 1127 1810 velle
1149 1785 1212 1822 per
1246 1772 1504 1819 mactatum,
1549 1782 1647 1820 quem
1679 1782 1746 1821 po-

298 1830 374 1865 stea
403 1828 551 1866 caniclei
576 1829 752 1877 dignitate
783 1829 975 1868 honoravit.
1035 1829 1163 1866 eadem
1181 1828 1228 1865 de
1247 1827 1393 1865 caniclei
1411 1826 1597 1877 praefecto
1618 1824 1746 1863 Theo-

297 1883 408 1920 ctisto
441 1884 656 1934 Cedrenus,
683 1884 746 1920 ubi
775 1885 823 1921 de
851 1884 963 1922 caede
989 1883 1126 1922 Leonis
1154 1883 1304 1920 Armeni
1333 1883 1421 1933 agit.
1476 1882 1575 1919 idem
1605 1881 1744 1918 Cedre-

297 1951 367 1975 nus
396 1939 522 1976 scribit
550 1940 669 1978 occiso
697 1941 887 1990 praedicto
916 1940 952 1978 T
954 1940 1135 1978 heoctisto
1163 1952 1186 1976 a
1215 1939 1358 1989 Barda,
1396 1937 1555 1974 Bardam
1583 1936 1744 1986 dignita-

296 1998 374 2031 tem
403 1995 550 2031 caniclei
592 1996 631 2031 in
670 2007 711 2031 se
754 1995 996 2033 transtulisse.
1053 1995 1281 2044 Curopalata
1307 1995 1346 2030 in
1373 1992 1620 2030 Constantino
1648 1990 1747 2029 Leo-

297 2050 356 2087 nis
385 2050 478 2087 filio:
504 2050 614 2101 paulo
633 2054 712 2101 post
733 2053 857 2088 missas
885 2055 935 2088 est
956 2051 1001 2088 ab
1029 2052 1193 2099 Augusta
1217 2051 1394 2101 patricius
1418 2047 1580 2086 Basilius
1600 2047 1750 2086 caniclei

291 2106 505 2157 praefectus.
582 2106 628 2142 de
670 2106 801 2143 eodem
835 2106 982 2143 caniclei
1016 2106 1203 2156 praefecto
1242 2105 1460 2143 Theoctisto
1498 2104 1664 2142 Zonaras
1706 2104 1746 2141 in

299 2160 508 2211 Theophilo
537 2160 775 2211 imperatore:
817 2174 959 2199 uxorem
992 2166 1025 2198 et
1061 2161 1209 2198 caniclei
1230 2161 1448 2213 praefectum
1475 2161 1622 2199 multum
1650 2159 1747 2197 obte-

297 2220 413 2255 status
430 2217 489 2255 ‘est
509 2214 775 2268 (Theophilus)
794 2230 836 2254 ne
850 2221 1051 2267 paterentur
1067 2217 1279 2255 venerandas
1292 2219 1462 2267 imagines
1477 2218 1606 2268 reponi.
1647 2216 1745 2253 idem

298 2273 464 2311 Zonaras
491 2273 530 2310 in
558 2272 686 2310 Alexio
714 2273 925 2310 Comneno:
958 2273 1119 2311 Comneni
1143 2274 1242 2311 rebus
1269 2275 1344 2311 suis
1371 2275 1444 2311 iam
1471 2274 1510 2311 in
1537 2276 1614 2311 tuto
1641 2271 1746 2310 collo-

299 2331 415 2378 catis,
453 2333 595 2367 matrem
623 2333 656 2367 et
684 2331 846 2378 coniuges
876 2328 919 2368 ἐκ
946 2332 1019 2380 τῆς
1050 2332 1173 2380 μονῆς
1194 2331 1266 2369 τοῦ
1294 2329 1551 2376 κανακλείου,
1593 2340 1638 2366 ex
1673 2339 1745 2365 mo-

297 2387 450 2424 nasterio
478 2385 637 2434 caniciei,
663 2385 713 2423 ad
740 2387 875 2434 regiam
903 2387 1164 2423 accersiverunt.
1221 2385 1283 2422 ubi
1311 2385 1467 2424 Wolfius
1494 2385 1676 2434 interpres
1702 2395 1746 2420 ex

300 2442 452 2480 canicleo
488 2443 702 2478 monasterio.
758 2453 803 2477 ex
841 2453 915 2490 qua
955 2442 1120 2479 versione
1157 2442 1334 2492 suspicari
1373 2442 1455 2491 quis
1492 2443 1620 2491 posset
1647 2439 1745 2476 cani-

300 2497 417 2535 cleum
444 2498 557 2534 fuisse
584 2496 856 2546 monasterium,
885 2498 1031 2534 tametsi
1059 2498 1232 2535 adiuncto
1262 2498 1419 2548 palatio:
1448 2509 1534 2534 nam
1560 2498 1746 2533 monaste-

301 2554 386 2602 riis,
413 2553 628 2591 nominatim
656 2554 688 2590 ei
719 2553 820 2601 quod
846 2553 1077 2602 Hodegetria
1105 2554 1375 2603 nominabatur,
1405 2556 1444 2591 et
1475 2551 1620 2602 templis
1639 2563 1746 2601 prae-

300 2609 438 2659 cipuis,
467 2613 510 2646 ut
538 2608 825 2658 Blacherniano,
856 2609 1152 2658 adiungebantur
1181 2609 1337 2659 palatia,
1363 2610 1402 2646 in
1430 2608 1563 2657 quibus
1589 2607 1747 2658 impera-

301 2668 401 2701 tores
428 2665 485 2702 vel
513 2666 661 2715 pietatis
689 2665 745 2702 vel
763 2665 994 2702 recreationis
1012 2678 1121 2702 causa
1140 2665 1338 2715 aliquando
1355 2664 1606 2703 versabantur.
1661 2662 1747 2699 hinc

302 2720 428 2757 Iunius
466 2718 537 2760 τόν
576 2720 640 2760 ἐπὶ
679 2723 751 2760 τοῦ
781 2722 1004 2760 κανικλείου
1039 2725 1149 2771 putat
1186 2722 1412 2772 praefectum
1445 2719 1557 2757 fuisse
1584 2718 1676 2756 arcis
1705 2722 1744 2755 et
1795 2753 1799 2756 ,

301 2777 512 2814 monasterii
541 2777 611 2814 hoc
638 2777 784 2814 nomine
802 2778 840 2814 in
857 2777 947 2814 urbe
968 2777 1176 2828 Cpolitana.
1234 2789 1328 2826 quae
1345 2777 1416 2814 fuit
1434 2776 1544 2813 etiam
1561 2774 1746 2812 sententia

302 2831 427 2871 Wolfii
471 2832 509 2870 in
554 2833 672 2871 indice
712 2834 760 2871 ad
805 2833 999 2873 zonarum.
1056 2834 1267 2883 canicleum,
1318 2832 1458 2882 inquit,
1504 2833 1745 2869 monasterium
