1820 3178
292 188 386 236 156
497 187 773 240 QRETSERI
790 187 863 231 ET
890 184 1066 245 GOARI
1084 183 1531 245 GORMENTARIUS·

703 385 1133 435 CAPUT
1211 383 1318 432 XII.

388 554 428 592 p.
451 542 477 582 6
500 552 533 578 v.
554 541 591 580 9.
647 507 704 576 In
721 541 853 576 octavo
869 537 1035 587 quinario
1051 538 1187 591 primas
1205 538 1308 574 tenet
1327 535 1547 588 primicerius
1561 533 1736 582 lectorum,

283 598 346 646 qui
365 602 404 635 et
424 598 525 648 apud
544 595 702 633 Citrium
722 599 920 647 comparet.

372 673 457 707 ibid.
509 668 529 706 ὁ
560 668 818 716 πριμμικήριος
846 670 920 704 τῶν
949 665 1207 713 ἆναγνωστῶν]
1257 665 1428 700 Allatisne
1451 663 1547 699 simul
1572 675 1646 698 cum
1671 662 1735 696 ci·

282 717 349 752 trio
374 720 495 752 cuncta
514 718 628 752 officia
653 717 688 751 in
716 713 936 759 διακονικοέ,
969 709 1133 758 sequano?
1165 710 1229 747 καὶ.
1251 713 1324 747 τῶν
1347 710 1591 756 ἄναγνωστῶν
1615 709 1735 743 volunt

281 775 358 797 esse
373 763 490 797 divisa.
536 763 721 808 quindecim
736 763 843 808 prima
857 761 1004 796 diaconis
1018 760 1208 804 assignant,
1231 768 1355 802 eosque
1377 757 1423 790 ad
1447 755 1659 801 patriarchae
1680 754 1733 788 la-

281 815 336 842 tus
353 808 386 842 in
402 809 521 842 dextro
538 810 661 852 choro,
684 809 779 843 velut
794 808 865 842 eius
880 807 1006 841 curiam
1020 831 1032 850 ,
1053 806 1186 839 locant:
1221 802 1398 849 sequentia·
1420 802 1516 848 plura
1538 812 1637 846 quam
1654 804 1735 844 apta

281 854 514 888 sacerdotibus
539 854 764 896 conveniant,
801 864 927 899 aequus
949 853 1057 886 lector
1081 862 1124 884 ex
1150 849 1255 894 primo
1287 850 1407 883 obtutu
1436 847 1568 883 iudicat.
1615 851 1735 891 proto-

280 900 412 944 psaltae
446 900 500 934 vel
531 900 626 934 huius
651 899 829 934 inferiores
849 910 917 933 non
938 897 1004 932 nisi
1025 895 1208 932 lectoribus
1235 893 1384 929 conferri
1414 892 1562 935 citrius,
1593 894 1734 926 auctore

286 944 349 991 ipsi
372 946 619 989 consentiente,
643 945 856 981 determinat.

394 1016 442 1056 ib.
470 1028 504 1054 V.
537 1017 599 1058 10.
638 1015 816 1064 Sequitur
842 1013 867 1055 ὁ
885 1009 1069 1066 νομικός,
1097 1012 1161 1062 qui
1188 1010 1291 1062 apud
1312 1009 1445 1047 Codin.
1471 1022 1507 1060 p.
1532 1009 1553 1049 1
1575 1008 1634 1046 ed.
1653 1007 1735 1045 Iun.

283 1075 342 1110 est
365 1070 389 1112 ὅ
405 1068 647 1124 νομοδότης,
678 1073 788 1110 Iunio
800 1074 1022 1123 praeceptor,
1052 1069 1115 1118 qui
1137 1072 1176 1106 et
1196 1068 1235 1104 in
1253 1066 1400 1104 scholiis
1416 1065 1506 1103 ista:
1531 1066 1736 1116 praeceptor

283 1132 334 1166 est
360 1131 567 1166 musicorum
593 1130 648 1167 vet
680 1131 865 1181 ψαλτῶν,
896 1125 1209 1179 gyvnnasiarclms,
1237 1125 1299 1175 qui
1317 1126 1439 1174 postea
1468 1124 1630 1172 corrupta
1655 1132 1736 1158 voce

282 1185 478 1236 μαῖ’στωρ,
511 1185 550 1222 id
582 1189 634 1223 est
663 1188 854 1235 magister,
883 1183 1080 1235 appellatur
1111 1195 1147 1232 p.
1178 1179 1233 1222 44
1272 1181 1321 1219 11
1345 1184 1384 1216 et
1413 1191 1450 1229 p.
1481 1178 1535 1220 60
1555 1178 1618 1218 17.
1645 1188 1735 1214 num

280 1240 371 1278 haec
392 1254 479 1279 vera
498 1241 593 1292 sint,
614 1241 702 1279 facit
731 1245 775 1278 ut
802 1241 967 1277 dubitem
1001 1238 1158 1276 Ioannes
1190 1236 1349 1286 Cstrius,
1387 1234 1490 1285 apud
1527 1245 1636 1282 quem
1675 1235 1735 1270 est

279 1292 575 1349 νουμμοδότης,
598 1299 729 1335 nummi
757 1297 879 1346 dator,
907 1299 951 1333 ut
985 1295 1096 1332 vertit
1125 1294 1318 1344 interpres.
1354 1291 1451 1328 forte
1482 1290 1513 1327 is
1541 1293 1600 1327 est
1624 1301 1734 1338 quem

136 1362 166 1395 P
194 1363 260 1398 175
282 1366 350 1391 nos
370 1353 669 1404 eleemosynariam
695 1353 880 1404 appellare
904 1352 1083 1398 solem>us3
1112 1350 1182 1387 nisi
1213 1348 1295 1397 quis
1314 1347 1512 1384 arbitretur
1530 1359 1613 1383 eum
1632 1345 1733 1396 apud
1795 1363 1798 1365 v

280 1410 443 1447 Graecos
485 1422 625 1447 morem
661 1409 822 1459 viguisse
863 1409 927 1458 qui
956 1408 1058 1458 apud
1095 1419 1165 1444 nos
1203 1405 1242 1442 in
1281 1403 1405 1442 multis
1444 1402 1623 1452 ecclesiis,
1668 1401 1733 1438 ubi

279 1466 536 1517 praesentibus
579 1466 716 1503 clericis
762 1466 902 1514 aliquid
948 1463 1125 1515 pecuniae
1168 1461 1250 1499 dari
1289 1460 1409 1506 solet3
1451 1471 1562 1508 quam
1597 1461 1733 1496 vocant

272 1526 478 1573 praesentz,
509 1525 548 1559 et
575 1522 677 1562 illum
706 1522 764 1559 cui
788 1534 921 1559 munus
957 1518 1201 1558 distribuendi
1227 1516 1478 1566 commissum,
1501 1518 1733 1566 praesentzer..
1790 1543 1798 1546 -

276 1582 317 1615 at
343 1592 426 1616 cum
444 1579 611 1616 Codinus
626 1592 700 1615 uno
721 1578 802 1616 loco
823 1577 960 1616 habeat
991 1571 1237 1627 νομοδότην,
1266 1573 1383 1610 altero
1412 1583 1584 1622 expresse
1616 1585 1733 1622 νομι-

276 1631 371 1682 κόν,
397 1648 472 1672 non
490 1635 636 1672 videtur
658 1634 850 1673 verisimile
880 1629 1158 1685 νουμμοδότην
1187 1630 1387 1680 legendum
1419 1640 1519 1674 esse3
1550 1627 1621 1664 nisi
1649 1626 1732 1675 quis

275 1692 387 1729 etiam
402 1693 523 1741 priore
538 1691 619 1730 loco
639 1688 865 1742 νουμμικόν
887 1702 984 1728 nova
1000 1690 1119 1727 forma
1137 1700 1162 1726 a
1192 1699 1329 1725 nummo
1352 1685 1619 1722 restituendum
1643 1695 1732 1720 con-

276 1749 417 1786 tendat.
450 1748 534 1786 licet
551 1744 696 1798 νομικό
699 1763 719 1794 ς
734 1759 883 1796 quoque
906 1742 1013 1798 παροῖ
1034 1742 1078 1785 τό
1094 1739 1218 1796 νόμος
1229 1771 1240 1792 ,
1259 1746 1302 1779 ut
1319 1753 1459 1780 numum
1476 1753 1545 1778 seu
1559 1751 1733 1778 nummum

278 1804 481 1854 significat,
509 1804 640 1841 deduci
659 1805 788 1854 possit.
819 1803 952 1852 quodsi
974 1797 1140 1853 νομικός
1161 1800 1210 1837 ad
1232 1802 1399 1836 cantores
1414 1797 1594 1848 pertinet,
1623 1795 1732 1845 plane

278 1861 308 1897 is
325 1861 471 1898 videtur
490 1873 571 1898 esse
597 1860 659 1909 qui
683 1864 832 1898 cantum
852 1864 1095 1907 cantoresque
1115 1856 1235 1906 regit,
1264 1859 1302 1892 et
1324 1858 1367 1891 ut
1395 1854 1506 1903 vulgo
1536 1852 1730 1901 loquimur,

279 1919 343 1966 qui
359 1921 491 1955 tactum
504 1918 671 1967 praebet,
700 1916 760 1954 der
789 1916 853 1954 den
879 1919 952 1953 tact
978 1916 1079 1963 gibt,·
1110 1913 1180 1950 nisi
1211 1911 1268 1949 cui
1302 1911 1400 1947 forte
1429 1909 1547 1958 magis
1570 1908 1731 1945 arrideat

278 1974 322 2009 ut
343 1985 409 2021 per
435 1969 600 2019 νομικόν
624 1975 663 2009 et
685 1968 910 2023 νομοδότην
938 1970 1121 2018 intelligat
1148 1966 1395 2016 iurisperitum
1417 1977 1482 2002 seu
1509 1964 1596 2001 iuris
1617 1964 1730 2001 inter-

277 2032 440 2077 pretem:
469 2029 595 2065 forsan
622 2028 718 2065 enim
748 2029 786 2064 in
809 2028 904 2064 clero
922 2038 1079 2076 magnae
1106 2023 1277 2062 ecclesiae
1302 2026 1468 2072 tempore
1487 2021 1622 2058 Codini
1650 2024 1730 2057 erat

278 2084 391 2132 is'qui
411 2087 543 2134 postea
570 2084 690 2121 dictus
724 2092 782 2120 est
807 2078 1060 2133 νομοφύλαξ,
1090 2081 1191 2118 cuius
1217 2078 1356 2116 mentio
1381 2078 1419 2114 in
1449 2077 1629 2126 Turcogr.
1653 2075 1676 2113 l.
1702 2079 1728 2117 7

276 2139 340 2177 sol.
359 2139 452 2180 506.
472 2153 540 2177 nec
558 2142 616 2177 est
647 2152 669 2176 a
698 2152 786 2177 vero
811 2139 967 2176 alienum
999 2138 1111 2175 fuisse
1140 2137 1236 2173 inter
1264 2133 1437 2172 officiales
1465 2132 1731 2171 ecclesiasticos

277 2196 436 2245 aliquem
466 2197 529 2245 qui
561 2196 608 2233 de
645 2195 724 2234 iure
750 2207 929 2247 responsa
960 2195 1077 2232 daret.
1114 2191 1345 2231 Glossarium
1369 2189 1562 2241 Latinogr.
1590 2189 1732 2228 tabellio

276 2248 454 2304 νομικός.

367 2316 452 2351 ibid.
507 2311 528 2350 ὁ
550 2312 712 2360 νομικός]
751 2316 808 2361 qui
837 2314 929 2360 typis
954 2316 989 2348 et
1013 2313 1252 2349 ecclesiasticis
1276 2311 1418 2348 rubricis
1444 2309 1595 2356 apprime
1617 2308 1728 2343 erudi·-

277 2365 352 2404 tus,
385 2361 476 2407 quod
502 2372 636 2406 quoqne
662 2362 717 2395 die
738 2361 915 2406 legendum
944 2360 1092 2393 officium
1123 2359 1179 2393 vel
1205 2364 1360 2393 occurrat
1383 2356 1539 2392 memoria
1562 2353 1729 2394 facienda,

277 2407 388 2442 sancit
404 2412 439 2442 et
462 2407 621 2453 publicat.
668 2407 716 2441 ita
739 2418 792 2441 me
814 2407 911 2440 docet
935 2405 1098 2440 Antonius
1115 2405 1225 2439 Cralis
1240 2406 1311 2439 ΟΡ.
1359 2404 1416 2437 alii
1432 2414 1506 2437 eum
1522 2413 1597 2435 esse
1613 2400 1729 2433 volunt

276 2454 334 2497 qui
358 2454 467 2497 legem
491 2453 681 2487 cantoribus
698 2453 792 2498 ponit
807 2456 841 2486 et
859 2452 979 2485 choros
995 2451 1097 2494 regit.
1145 2451 1255 2485 solent
1270 2453 1439 2484 nostrates
1456 2447 1571 2481 musici
1595 2445 1730 2480 elevata

277 2501 506 2544 depressaque
528 2509 626 2533 manu
652 2505 768 2532 cantus
791 2497 919 2531 modum
945 2501 980 2531 et
1003 2496 1151 2530 ordinem
1177 2496 1369 2541 praefigere
1393 2493 1607 2533 cantoribus,
1637 2490 1727 2534 quod

278 2545 423 2578 Graecis
439 2545 558 2578 deesse
577 2544 717 2589 nequit3
742 2543 863 2589 quibus
879 2546 1057 2587 praeterea
1082 2541 1162 2575 illud
1189 2546 1241 2575 est
1263 2542 1296 2575 in
1320 2552 1401 2581 usu,
1434 2543 1472 2572 ut
1493 2537 1596 2571 variis
1611 2546 1729 2569 manus

275 2590 419 2623 dextrae
444 2589 587 2624 motibus
614 2589 820 2634 diversisque
843 2588 1025 2631 digitorum
1050 2590 1084 2620 et
1103 2587 1317 2620 articulorum
1332 2582 1648 2619 conformationibus
1665 2592 1727 2613 va·-

276 2635 343 2669 rias
362 2646 482 2669 vocum
505 2634 701 2670 inflexiones
723 2635 758 2668 in
780 2633 922 2668 omnium
946 2637 1127 2677 conspectu
1154 2632 1271 2666 melius
1299 2642 1394 2676 quam
1417 2628 1562 2662 musicae
1593 2626 1729 2660 notulae

275 2680 473 2723 designent,
506 2686 609 2725 atque
630 2681 680 2715 ita
701 2691 767 2714 non
790 2679 924 2723 seriptis
950 2678 1009 2712 sed
1036 2688 1153 2712 manus
1184 2678 1338 2720 nutibus,
1371 2686 1468 2719 quam
1493 2670 1726 2718 χειρονομίαν

277 2725 411 2766 dicunt,
448 2731 564 2760 cantus
589 2727 682 2771 leges
705 2727 749 2760 ob
777 2725 889 2759 oculos
912 2726 1049 2769 ponant.
1094 2724 1156 2757 hos
1186 2735 1260 2758 cum
1285 2720 1474 2767 Theophilo
1500 2717 1727 2763 χειρονομεῖν

279 2771 445 2806 scriberet
469 2771 665 2806 Oedi-enus:
690 2776 810 2806 auctor
823 2766 995 2815 νομικούς
1010 2771 1188 2814 nuncupat.

390 2830 475 2868 ibid.
531 2831 707 2881 Sequitur
734 2823 1168 2883 όπρωτοκανὸναρχος,
1205 2829 1338 2879 primus
1372 2822 1632 2870 σαηοηατοΙηιε,
1671 2821 1726 2858 in-
