1820 3178
586 189 647 233 IN
680 189 874 234 CODINI
901 190 1012 234 cAP.
1046 190 1084 233 I.
1467 192 1561 240 123

112 298 283 340 absolute
301 298 529 346 sacellarius,
557 311 601 337 eo
622 301 723 350 quod
745 305 849 339 curat
868 305 946 339 tam
967 302 1125 339 virorum
1153 314 1263 353 quam
1286 302 1468 352 virginum
1482 316 1563 342 mo-

113 356 281 395 nasteria.
336 358 462 394 minon'
487 355 627 393 sacellio
658 357 787 394 tribuit
818 357 1014 395 Balsamon
1027 385 1038 407 ,
1066 359 1104 396 in
1126 371 1194 396 sua
1222 359 1490 409 disceptatione
1514 361 1563 397 de.

112 410 415 463 chartophylace,
442 412 551 450 etiam
574 424 698 450 curam
729 417 768 452 et
793 415 1146 452 administrationem
1175 415 1478 466 emphyteusium.
1512 417 1565 454 ait

113 469 229 507 enim:
268 466 293 508 ὁ
320 470 525 508 σακελλίου
547 469 750 519 praefectus
774 471 897 508 sacelli
927 484 1051 508 curam
1090 471 1186 521 gerit
1217 475 1299 512 τῶν
1330 475 1564 512 καθολικῶν

111 523 346 575 ἐκκλησιῶν,
375 525 626 562 catholicarum
648 525 869 563 eccles-iarum
891 526 1035 578 (inepte
1066 527 1246 579 interpres
1275 528 1497 566 ecclesiarum
1524 532 1564 567 in

110 592 253 631 geom-e,-
281 593 390 631 quem
410 593 570 620 errorem
594 594 671 620 non
687 581 800 620 semel
824 582 962 635 errat),
990 581 1091 638 πρός
1116 581 1160 625 δὲ
1189 583 1256 624 καὶ
1286 581 1566 638 ἐμφυτεόσεων

110 632 187 689 τὴν
207 637 418 688 διοίκησιν.

203 711 313 756 Regia
337 713 380 746 de
407 711 533 747 sacello
556 711 748 758 praeposito
772 724 812 747 ac
835 712 909 746 eius
931 713 1176 759 appellatione:
1217 709 1237 750 ὁ
1263 714 1454 750 σακελλίου
1490 716 1565 750 τῶν

112 757 325 792 καθολικῶν
365 753 447 792 ἔκκλ
474 758 560 792 σιῶν
607 757 671 792 καὶ
715 758 790 793 τῶν
837 755 1090 803 ἒμφυτεύσεων
1130 757 1200 805 τὴν
1243 760 1425 805 διοίκησιν
1467 759 1561 806 ἔχει·

112 801 222 837 σάκελ
266 799 336 848 γὰρ
372 770 475 845 παρέ
516 801 710 848 Ῥωμαίοις
736 801 779 839 τὰ
824 804 980 838 διοικεῖν
1014 801 1086 840 ἐστὶ
1124 805 1187 840 καὶ
1224 804 1440 849 φυλάσσειν·
1486 803 1564 841 ἀπὸ

111 845 248 882 τούτου
263 847 535 893 μετωνόμασται
549 847 703 894 σακέλλη
725 847 750 894 ἦ
778 846 864 889 τούς
887 847 1116 895 κακουργοῦς
1138 851 1399 895 φυλάττουσα,
1431 851 1496 887 καὶ
1518 849 1563 886 τὸ

111 891 341 930 σακκούλιον.
387 895 554 929 Allatiana
569 896 612 928 de
627 895 762 929 eodem:
796 892 816 929 ὁ
833 896 1040 938 σακελλίου,
1075 892 1168 930 ὅταν
1189 899 1393 942 λειτουργεῑ
1404 894 1424 931 ὁ
1442 895 1563 943 ἀρχιε-

114 937 220 985 ρεύς,
246 936 440 985 ἴστώμενος
454 939 516 974 καὶ
534 936 645 980 αὐτὸς
660 935 701 974 ἔν
715 940 768 986 τῷ
782 937 873 987 ἁγίῳ
893 938 1027 986 βήματι
1050 940 1102 981 εἰς
1124 938 1326 986 ὑπηρεσίαν
1351 944 1417 977 τοῦ
1438 939 1562 988 ἀρχιε-

101 982 216 1026 ρέως.
265 982 355 1029 ἔχων
380 982 422 1019 δὲ
448 981 702 1020 ἐπισκοπεύειν
725 986 798 1020 τῶν
820 987 1037 1030 γυναικείων
1061 989 1315 1031 μοναστηρίων
1340 986 1472 1035 ἐρευνᾷ
1497 987 1563 1023 καὶ

112 1027 329 1073 α’ναθεωρεῖ
346 1027 440 1065 αὐτοὶ
456 1028 551 1066 κατὰ
579 1027 648 1074 τὴν
670 1032 744 1066 τῶν
769 1029 794 1065 οἳ
817 1032 883 1065 ίων
907 1030 1076 1066 κανόνων
1101 1029 1303 1079 ἀκρίβειαν.
1348 1035 1493 1077 κρατῶν
1518 1030 1562 1068 δὲ

145 1072 284 1117 υλακήν
303 1077 368 1120 τῆς
390 1072 578 1121 ἐκκλησίας
602 1075 666 1112 καὶ
685 1073 771 1117 τοὺς
803 1090 824 1111 ν
841 1079 988 1123 φυλακῇ
1010 1075 1344 1123 ἀποστελλομένους
1365 1078 1468 1123 παρὰ
1494 1079 1563 1113 τοῦ

111 1119 325 1166 αρχιερὲως,
362 1123 506 1163 κρατῶν
536 1119 683 1162 αὐτούς,
742 1123 911 1157 elucidant
939 1124 1024 1158 haec
1051 1124 1216 1158 Simeonis
1249 1124 1563 1161 Thessalonicensis

114 1167 238 1200 verba:
263 1164 283 1201 ὃ
302 1167 491 1202 σακελλίου
510 1169 581 1202 τῶν
599 1165 739 1212 εὖαγῶν
753 1169 869 1203 οἴκων
885 1166 979 1203 κατὰ
995 1166 1064 1213 τὴν
1079 1167 1186 1204 πόλιν
1211 1171 1382 1217 διερευνᾷ
1405 1170 1469 1205 καὶ
1492 1171 1559 1214 τῆς

112 1208 155 1247 ἓν
170 1207 296 1252 αὐτοῖς
313 1208 518 1256 ἐπιμέλεται
540 1211 725 1255 εὐταξίας,
758 1213 821 1248 καὶ
846 1215 983 1259 μᾶλλον
1009 1212 1050 1250 ἔν
1077 1215 1128 1262 τῷ
1152 1215 1403 1261 θυσιαστηρίῳ
1433 1227 1471 1249 τε
1496 1214 1561 1249 καὶ

115 1257 171 1301 τῷ
185 1256 319 1303 βήματι
332 1283 343 1302 ,
367 1255 417 1303 μή
440 1270 528 1293 ποτε
552 1257 616 1293 καὶ
630 1256 731 1301 παρὰ
746 1256 789 1293 τὸ
803 1258 892 1294 δέον
907 1260 966 1304 εἴη
982 1258 1176 1305 γενόμενον
1189 1259 1254 1295 καὶ
1266 1259 1313 1295 τοὶ
1330 1258 1411 1304 ἱεροὶ
1428 1259 1562 1305 ἀμελῆ-

114 1315 191 1340 ται.
237 1314 280 1337 ex
302 1303 354 1338 his
375 1304 442 1337 τοῦ
457 1305 647 1339 σακελλίου
663 1305 801 1339 nominis
821 1306 904 1340 duas
931 1306 1080 1340 rationes
1095 1306 1232 1350 collige,
1258 1307 1393 1352 primam
1411 1307 1498 1352 quod
1523 1311 1562 1340 ut

113 1348 309 1383 sacellarius
329 1350 533 1384 muliebrium
557 1350 848 1394 monasteriorum,
873 1352 925 1385 ita
950 1351 1003 1385 hic
1018 1352 1160 1386 virilium
1187 1354 1270 1386 bona
1295 1354 1478 1395 custodiat,
1509 1353 1563 1385 al-

114 1398 223 1428 teram
248 1394 337 1439 quod
364 1395 617 1440 patriarchalem
648 1407 830 1441 carcerem,
854 1393 1033 1442 σακκὲλην
1048 1395 1193 1432 σακέλιν
1219 1398 1274 1432 vel
1289 1396 1479 1432 σακέλλιον
1507 1398 1564 1431 di-

115 1444 226 1482 ctum,
246 1440 309 1474 sub
324 1451 386 1474 sua
408 1440 626 1486 dispositione
639 1446 766 1475 teneat.
814 1443 991 1476 Balsamon
1018 1443 1135 1479 Medit.
1150 1443 1193 1476 de
1208 1445 1386 1489 chartoph.
1418 1450 1454 1477 et
1482 1455 1564 1489 pro-

114 1485 203 1520 tecd.
226 1485 251 1518 l.
265 1486 288 1520 7
310 1486 398 1520 luris
421 1487 511 1521 GR:
535 1483 671 1521 ταύτόν
693 1483 789 1521 ἔστιν
804 1485 923 1522 εἰπεῖν
948 1487 1117 1531 φύλακα,
1150 1487 1387 1530 σακελλοίριον
1411 1487 1475 1523 καὶ
1496 1485 1564 1522 τὸν

114 1529 312 1566 σακελλίου.
357 1528 459 1571 παρὰ
477 1528 749 1575 γᾶρῖΡωμαίοις
769 1530 812 1566 τὸ
837 1531 1024 1567 σακέλλιον
1047 1529 1151 1574 παρὰ
1175 1529 1217 1566 τὸ
1242 1534 1415 1577 διοικεῖν,
1450 1532 1514 1567 καὶ
1537 1531 1563 1578 ἡ

113 1573 202 1615 τοὺς
223 1575 450 1620 κακουργοὺς
472 1575 706 1620 φυλάττουσα
731 1575 977 1622 πατριαρχικὴ
1004 1575 1159 1622 σακέλλη
1195 1574 1370 1612 ἐντεῦθεν
1396 1577 1462 1612 καὶ
1496 1576 1564 1613 οὐκ

113 1618 275 1655 ἄλλοθεν
289 1621 582 1666 μετωνόμασται,
606 1619 723 1663 ὥσπερ
747 1619 788 1656 δὲ
813 1622 877 1656 καὶ
899 1620 941 1657 τὸ
963 1621 1172 1657 σακούλιον.
1221 1620 1359 1668 λέγεται
1386 1624 1475 1668 γοῦν
1498 1636 1563 1658 σα-

114 1662 302 1709 κελλοίριος
316 1663 336 1699 ὁ
352 1668 425 1700 τῶν
439 1667 692 1711 μοναστηρίων
707 1666 915 1712 διοικητής,
941 1667 1005 1702 καὶ
1021 1665 1041 1702 ὃ
1067 1669 1255 1702 σακελλίου
1279 1666 1566 1713 ὑποκοριστικῶς

113 1708 135 1747 ὃ
152 1713 226 1746 τῶν
250 1712 460 1746 καθολικῶν
475 1709 670 1756 ἐκκλησιῶν
684 1713 915 1757 φροντιστής.
963 1724 1123 1758 nusquam
1146 1715 1259 1758 itaque
1282 1711 1348 1749 τὸν
1373 1716 1564 1749 σακελλίου

115 1757 274 1791 minorem
290 1758 499 1791 sacellarium
515 1758 736 1793 affirmaveris
747 1784 758 1802 ‚
784 1759 840 1803 qui
856 1759 998 1793 maiores
1013 1759 1104 1803 regit
1121 1760 1299 1801 ecclesias,
1330 1772 1393 1794 nec
1417 1762 1564 1795 sacella-

115 1802 157 1837 rii
178 1803 339 1848 potestati
366 1804 536 1838 subiectus
557 1803 781 1847 dignoscitur,
812 1805 866 1838 cui
891 1806 969 1838 licet
988 1805 1064 1838 loco
1091 1805 1191 1838 cedat
1218 1806 1420 1848 (monastica
1441 1807 1565 1852 quippe

115 1848 290 1883 sacellario
314 1849 503 1889 commissa,
533 1852 568 1883 et
593 1850 657 1884 alia
678 1850 819 1894 quaevis
845 1850 889 1884 ad
915 1851 1096 1884 monachos
1118 1852 1305 1896 spectantia
1331 1863 1456 1886 summo
1473 1855 1565 1886 cultu

114 1893 328 1939 prosequitur
351 1894 520 1928 orientalis
536 1895 695 1938 ecclesia)
716 1907 782 1928 non
799 1899 938 1929 veretur
955 1896 1201 1937 auctoritatem,
1226 1902 1262 1930 et
1277 1898 1375 1932 ambo
1390 1910 1432 1931 ex
1456 1909 1564 1942 aequo

113 1939 337 1984 patriarcham
352 1939 420 1973 suis
436 1940 603 1985 obsequiis
626 1941 740 1975 colunt
755 1946 790 1975 et
805 1941 836 1974 ei
851 1942 884 1974 in
900 1941 973 1975 iure
992 1941 1135 1975 dicundo
1152 1942 1313 1978 assident.
1359 1943 1437 1987 (Mt
1462 1940 1481 1977 ὁ
1499 1954 1563 1977 σα-

115 1984 240 2019 κελίου
265 1980 361 2020 ἐστὶν
386 1982 531 2030 οἰκέτης
559 1986 626 2029 τῆς
650 1986 797 2030 πρώτης
821 1985 1022 2030 πεντάδος,
1051 1987 1196 2029 κρατῶν
1221 1986 1285 2021 καὶ
1309 1984 1378 2032 τὴν
1393 1985 1565 2033 φυλακὴν

113 2030 182 2074 τῆς
195 2025 419 2074 ἐπισκοπῆς,
444 2028 534 2075 ἔχων
551 2026 619 2066 οὖν
638 2032 704 2068 καὶ
728 2027 769 2067 ἐν
791 2033 840 2079 τῇ
861 2029 1050 2079 ἐπισκέψει
1075 2029 1192 2068 αὐτοῦ
1214 2035 1287 2069 τῶν
1309 2034 1565 2079 μοναστηρίωι·

113 2075 328 2120 ’γυναικείων
340 2073 408 2121 τὴν
422 2074 584 2123 σκέψιν.)

206 2157 242 2193 p.
257 2147 280 2182 4
309 2159 344 2182 v.
376 2150 409 2183 8.
455 2144 522 2188 τοὶς
543 2146 749 2190 καθολικᾶς
769 2148 970 2195 ἐκκλησίας]
1006 2151 1155 2186 virorum
1181 2153 1381 2187 monasteria
1406 2155 1442 2187 et
1464 2153 1497 2187 in
1515 2154 1566 2187 eis

118 2198 330 2228 constructae
345 2194 506 2228 ecclesiae
528 2195 610 2228 viris
631 2201 779 2238 tantum,
809 2197 980 2230 mulierum
1008 2197 1201 2231 mulieribus
1223 2203 1302 2232 sunt
1323 2204 1474 2243 apertae.
1522 2210 1566 2233 ea

117 2249 201 2271 vero
224 2239 364 2272 ecclesia
384 2250 472 2284 quae
486 2239 567 2273 viris
583 2246 618 2274 et
633 2242 841 2284 mulieribus,
868 2243 986 2288 quales
1014 2248 1091 2278 sunt
1123 2244 1319 2288 paroeciae,
1351 2250 1466 2287 patet,
1496 2257 1563 2278 κα-

118 2281 252 2327 θολική
267 2289 330 2318 est.
376 2290 494 2318 auctor
509 2285 602 2319 vitae
627 2286 696 2320 Nili
727 2287 883 2321 iunioris:
918 2286 1005 2334 βάλε
1032 2285 1127 2322 αὐτοὶ
1154 2284 1192 2323 ἐν
1219 2290 1264 2334 τῇ
1289 2290 1476 2334 καθολικῇ
1497 2289 1566 2323 τοῦ

114 2326 290 2370 κάστρου.
335 2329 502 2374 interpres
516 2331 626 2375 posuit
643 2334 884 2367 cathedralem.
929 2345 1046 2367 verum
1068 2346 1133 2367 non
1149 2335 1359 2368 cathedrales
1376 2335 1486 2375 modo,
1502 2334 1566 2368 sed

120 2378 155 2407 et
182 2374 358 2418 paroeciae
381 2375 521 2408 maxime
549 2377 755 2411 monasteriis
781 2385 1014 2423 opponuntur:
1058 2380 1238 2413 catholicas
1265 2385 1374 2413 antem
1405 2380 1567 2412 ecclesias

119 2419 329 2453 monasteriis
345 2421 484 2464 opponit
507 2421 684 2456 Balsamon
708 2423 836 2457 iamiam
859 2424 988 2466 lectus,
1017 2425 1105 2469 quod
1137 2426 1220 2458 haec
1236 2425 1361 2458 sacellii
1380 2425 1567 2468 praesecto,

119 2464 193 2497 illas
217 2465 297 2507 (etsi
320 2465 424 2499 miuus
448 2466 591 2509 nobiles)
616 2478 675 2501 ceu
699 2471 906 2513 praefectum
932 2471 1138 2514 superiorem
1155 2476 1271 2504 nactas
1293 2469 1468 2502 sacellario
1485 2471 1568 2503 sub-

119 2508 227 2542 iectas
243 2515 385 2544 asserat.
431 2517 507 2543 sunt
530 2511 644 2556 itaque
670 2515 856 2548 catholicae
879 2516 1041 2549 eccles³ae
1074 2516 1208 2549 eaedem
1239 2526 1325 2558 quae
1349 2515 1570 2558 paroeciales,

122 2565 194 2588 cum
210 2555 390 2600 pleraeque
406 2555 593 2589 huiusmodi
614 2559 823 2611 reperiantur
844 2560 878 2593 in
894 2561 977 2594 urbe
993 2562 1052 2594 CP
1064 2587 1071 2599 ,
1095 2560 1296 2593 cathedralis
1313 2560 1428 2601 unica,
1451 2572 1571 2604 magua

121 2599 271 2634 nimirum
307 2600 460 2635 ecclesia.
507 2602 679 2636 catholicus
701 2609 735 2638 et
758 2606 949 2639 monasticis
974 2606 1125 2639 ecclesiis
1155 2605 1306 2648 adiungit
1331 2605 1388 2639 Ius
1414 2606 1482 2639 GR
1508 2607 1570 2640 fol.

122 2645 188 2679 255
213 2643 423 2689 εὖκτηρίους
439 2645 580 2688 οἴκους,
606 2648 765 2683 ecclesias
790 2651 940 2684 nimirum
964 2662 1029 2683 nou
1044 2651 1218 2683 dedicatas
1239 2657 1273 2683 et·
1289 2651 1343 2683 vel
1360 2651 1392 2683 in
1408 2651 1499 2694 agris
1514 2652 1570 2685 vel

121 2689 156 2722 in
180 2691 316 2724 urbibus
334 2691 461 2724 cunctis
486 2692 639 2736 perviaS,
670 2699 708 2727 at
732 2696 909 2748 paroeciae
934 2696 1006 2728 iure
1039 2696 1210 2739 privatas:
1247 2691 1318 2729 κᾶν
1341 2695 1570 2740 μοναστήρια

126 2727 191 2767 ὦσι
207 2731 278 2768 mh
293 2733 474 2779 ἐκκλησίαι
493 2738 692 2771 καθολικαὶ
707 2752 778 2773 καν
794 2737 976 2784 εὖκτήριοι
994 2736 1102 2773 οἶκοι.
1151 2741 1291 2773 advorte
1307 2741 1435 2775 demum
1451 2748 1571 2775 auct-o·-

122 2790 192 2812 rem
217 2781 403 2815 Balsamoni
434 2782 559 2815 socium
581 2787 649 2816 tam
672 2783 817 2818 virorum
837 2797 934 2830 quam
967 2786 1135 2819 mulierum
1162 2787 1364 2820 monasteria
1386 2788 1572 2829 sacellario,

123 2834 309 2860 communes
334 2838 415 2861 vero
434 2827 595 2862 ecclesias
619 2828 677 2862 ΟΡ
708 2836 861 2876 repertas
893 2831 1007 2866 sacelli
1031 2831 1203 2876 praefecto
1230 2831 1394 2876 regendas
1409 2834 1568 2876 tribucre,
