1832 3178
302 219 366 266 98
718 217 914 262 comm
943 206 1336 260 GUROPALATAE

442 330 606 388 Ταύτην
625 326 694 375 οὗν
717 332 788 386 τὴν
808 330 961 388 ἡμέραν
981 331 1102 374 ἐκεῖσε
1122 330 1328 386 μένοντες,
1370 333 1423 388 τῇ
1441 327 1689 385 ιιετ’4αὖτὴν
1708 328 1751 370 ἓν

302 409 386 454 τοῖς
414 401 551 452 ἄλλοις
577 401 759 457 ἔρχονται
785 401 1015 453 παλατίοις,
1057 398 1157 442 ὅπου
1181 401 1248 442 καὶ
1281 395 1405 449 αὖθις
1433 397 1635 456 ῥίπτονται
1662 398 1750 440 ἔπι-

250 479 280 513 Β
303 470 476 526 κόμβια,
522 469 634 526 παρὰ
660 470 733 523 μὲν
763 472 1026 524 συγκλητικοῦ
1053 472 1110 526 τῷ
1140 472 1240 526 λαῷ.
1307 465 1328 510 ὅ
1350 466 1399 509 δέ
1414 483 1459 523 γε
1473 465 1664 520 βασιλεὺς
1682 467 1751 508 καὶ

303 540 426 591 αὐτὸς
455 538 557 582 κατὰ
588 535 736 592 ταύτην
767 537 840 591 τὴν
865 536 1018 595 ἡμέραν
1047 536 1244 594 ἐξέρχεται
1268 537 1342 591 μὲν
1362 535 1404 578 ἓν
1421 539 1470 592 τῇ
1487 535 1617 592 αὐλῇ,
1655 533 1698 576 ἓν
1717 527 1752 591 ᾧ

301 607 414 667 τόπῳ
439 606 465 662 ἦ
495 603 610 649 &uuir
637 606 722 649 ἔστι
749 610 821 648 τοῦ
850 604 1025 662 μεγάλου
1052 604 1260 663 μάρτυρος
1278 605 1320 645 Γ
1316 604 1496 661 εωργίου,
1520 605 1683 646 ἵσταται
1705 603 1780 644 ὃὲὗ

301 677 470 732 πλησίον
491 675 618 718 αὐτοῦ
639 673 661 718 ὅ
681 678 754 717 τοῦ
769 678 981 728 βασιλικοῦ
1005 677 1238 731 βεστιαριόυ
1261 672 1410 730 ἄρχων,
1453 673 1521 714 καὶ
1543 671 1622 726 ἔχει
1642 670 1753 720 ἐντὸς
1790 684 1792 687 ’

303 750 376 788 τοῦ
407 745 567 798 ἱματίου
596 745 722 786 αὐτοῦ
750 744 980 798 νομίσματα
1006 746 1144 800 χρυσᾶ
1175 741 1370 796 κεχυμὲνα
1402 738 1556 783 πολλά·
1600 733 1657 783 ὧν
1684 740 1752 781 καὶ

304 811 574 870 ὄραττόμενος
597 809 619 854 ὅ
645 811 835 865 βασιλεὺς
863 813 1063 868 σκορπίζει
1082 813 1138 861 εἷς
1158 811 1252 861 τοὺς
1271 813 1537 867 περιεστῶτας
1557 805 1753 866 ἄρχοντάς

302 899 345 925 τε
365 883 432 924 καὶ
454 878 770 938 ἅρχοντόπουλα,
800 879 872 938 ἐφ’
897 878 992 923 ὅσον
1005 879 1055 922 ἂν
1074 881 1189 922 δοκεῖ·
1199 882 1332 922 τοῦτο.
1374 877 1502 920 αἴτιον
1521 877 1566 919 δὲ
1580 880 1652 931 τῆς
1667 893 1754 919 τοι-

303 948 429 1005 αύτης
450 947 668 1000 διαδόσεως
684 953 764 991 τῶν
785 947 1042 1003 νομισμάτων
1061 949 1168 990 ἐστὶν
1188 947 1234 990 τὸ
1252 944 1477 1001 βούλεσθαι
1497 945 1566 989 τὸν
1583 944 1754 999 βασιλέα
1766 950 1808 984 10

252 1027 283 1064 C
306 1019 673 1076 συνευφραίνεσθαι
696 1016 806 1075 αὐτῷ
825 1014 1022 1074 ἄρχοντάς
1039 1033 1081 1059 τε
1099 1014 1252 1066 πάντας
1275 1016 1341 1057 καὶ
1361 1012 1663 1071 ἀρχοντόπουλα
1686 1014 1754 1055 καὶ

301 1087 348 1131 τὸ
367 1085 574 1145 φοσσάτον
591 1087 658 1128 καὶ
676 1085 745 1128 τὸν
765 1087 907 1140 δῆμον,
941 1085 1153 1135 ἐσθίοντας
1168 1085 1235 1127 καὶ
1254 1084 1440 1133 πίνοντας
1465 1084 1507 1133 ἐξ
1535 1079 1752 1136 ἀναλωμά-

300 1173 381 1199 των
409 1146 643 1210 βασιλικῶν.
712 1155 808 1196 ὁέκα
829 1155 873 1196 δὲ
891 1155 1035 1211 ἐφεξῆς
1055 1151 1208 1210 ἡμέρας
1226 1151 1254 1208 ἢ
1274 1152 1432 1202 πλείους
1451 1149 1478 1206 ἢ
1499 1150 1614 1207 ἔγγὺς
1635 1148 1755 1193 ἐλάτ-

301 1241 397 1273 τους
426 1221 577 1266 τούτων
609 1222 733 1277 (οὐδὲ
761 1221 837 1279 γάρ
861 1223 944 1264 ἐστι
965 1222 1243 1276 νενομισμένος
1261 1220 1439 1277 ἀριθμὸς
1456 1217 1631 1277 ἡμερῶν,
1661 1217 1751 1260 ἀλλ’

303 1292 412 1341 ὅπως
433 1291 483 1333 ἂν
498 1290 686 1345 βούλοιτο
710 1288 731 1333 ὃ
749 1291 966 1345 βασιλεὺς)
993 1288 1226 1348 ἑορτάζουσι
1248 1291 1497 1340 πολυτελῶς,
1531 1288 1605 1338 τὰς
1632 1284 1754 1329 ovvr'-
1767 1291 1808 1324 15

301 1364 393 1410 θεις
427 1359 704 1416 καθημερινὰς
746 1358 893 1410 στολὰς
934 1359 1125 1416 λαμπρὰς
1160 1360 1227 1401 καὶ
1261 1361 1487 1407 πολυτελεῖς
1524 1355 1649 1407 οὔσας
1683 1354 1757 1414 φέ-

303 1444 452 1485 ροντες.
1787 1430 1789 1432 ’

439 1497 626 1538 Γίνονται
647 1490 717 1538 οὖν
735 1494 838 1537 κατὰ
857 1491 1007 1544 ταύτας
1026 1494 1098 1544 τὰς
1115 1492 1290 1551 ἧμέρας,
1325 1493 1374 1544 ιῖ;
1393 1492 1565 1546 εἴπομεν,
1597 1491 1757 1546 εὖωχίαι

303 1566 370 1606 καὶ
399 1565 540 1606 δεῖπνα
565 1567 784 1618 πολυτελῆ·
832 1565 898 1605 καὶ
928 1560 1152 1617 καθήμενοι
1186 1563 1223 1605 οἱ
1255 1567 1327 1616 τῆς
1359 1560 1580 1618 συγκλήτου
1615 1559 1758 1609 πάντες

303 1633 544 1687 εὐωχοῦνται
564 1630 868 1689 εὐφραινόμενοι
890 1629 1120 1687 ἔμπροσθεν
1144 1635 1223 1673 τῶν
1243 1631 1456 1684 βασιλέων,
1477 1628 1757 1683 εὐωχουμένων
1766 1636 1812 1670 20

271 1712 276 1718 “
302 1702 369 1742 καὶ
394 1701 526 1744 αὐτῶν
543 1701 583 1742 ἓν
604 1705 652 1757 τῇ
675 1699 829 1742 ἑαυτῶν
849 1700 1036 1756 τραπέζῃ.
1105 1697 1298 1755 ὗπηρετεῖ
1317 1700 1362 1742 δὲ
1381 1698 1469 1741 τότε
1491 1697 1626 1747 αὐτοῖς
1644 1695 1666 1739 ὃ
1686 1698 1758 1739 δυ-

300 1767 489 1823 μὲστικος
509 1770 575 1811 καὶ
597 1767 617 1810 ὃ
641 1769 702 1810 ἐπὶ
725 1773 797 1822 τῆς
819 1769 1035 1824 τραπέζης·
1067 1769 1100 1809 εἲ
1119 1768 1163 1809 δ’
1187 1767 1256 1819 οὔ,
1292 1773 1371 1810 τῶν
1391 1769 1434 1809 ἐκ
1454 1766 1590 1823 γένους
1604 1783 1664 1816 τις
1685 1769 1758 1807 τοῦ

249 1845 280 1879 D
302 1838 503 1891 βασιλέως
524 1835 720 1891 ἀσκεπής,
748 1831 780 1894 ᾧ
801 1835 850 1878 ἂν
873 1835 1049 1886 ἒπιτάξοι
1070 1834 1091 1877 ὅ
1108 1834 1313 1889 βασιλεύς.
1381 1834 1403 1878 ὅ
1426 1836 1470 1877 δὲ
1491 1835 1618 1890 μέγας
1636 1833 1757 1888 δομέ-

750 1915 757 1931 ι

393 1969 417 2003 2
440 1965 664 2012 εἰσέρχονται
685 1965 717 2001 A
856 1966 898 2002 15
920 1965 1108 2006 παντελῶς
1128 1965 1157 1999 Ρ

390 2081 470 2115 Hac
490 2081 599 2125 igitur
621 2081 679 2116 die
702 2080 828 2115 ibidem
852 2084 1028 2115 manentes
1052 2079 1223 2126 postridie
1247 2079 1291 2113 ad
1315 2078 1382 2113 alia
1403 2077 1534 2124 palatia
1564 2089 1603 2112 se
1634 2077 1755 2112 confe-

300 2131 394 2170 runt,
419 2127 479 2161 ubi
501 2139 619 2161 rursus
643 2127 680 2161 in
702 2127 864 2172 populum
890 2128 933 2161 ab
957 2127 1072 2171 aliquo
1096 2125 1264 2161 senatorii
1287 2125 1417 2159 ordinis
1441 2123 1632 2170 epicombia
1657 2135 1757 2169 spar-

299 2178 443 2216 guntur.
489 2172 678 2217 imperator
712 2173 776 2206 hac
806 2173 863 2206 die
895 2172 931 2207 in
964 2173 1042 2207 aula
1071 2173 1207 2207 confert
1239 2183 1278 2205 se
1312 2171 1355 2204 ad
1385 2181 1461 2204 eum
1483 2169 1591 2203 locum
1617 2169 1678 2204 ubi
1705 2174 1759 2203 est

300 2217 414 2262 imago
434 2218 549 2262 magni
572 2218 734 2261 martyris
759 2219 919 2263 Georgii.
966 2224 1038 2253 stat
1066 2230 1151 2252 vero
1185 2229 1294 2263 prope
1322 2217 1434 2262 ipsum
1458 2214 1672 2260 imperatorii
1694 2227 1758 2249 ve-

300 2262 414 2298 stiarii
438 2274 501 2297 seu
524 2264 651 2297 aerarii
676 2265 890 2309 praefectus,
927 2269 1093 2309 tenetque
1127 2264 1219 2298 intra
1250 2268 1382 2296 vestem
1408 2273 1502 2296 suam
1524 2260 1630 2294 multa
1653 2272 1759 2295 aurea

298 2309 503 2344 numismata
534 2309 703 2343 confusim
735 2320 871 2355 sparsa.
927 2321 1017 2354 quae
1049 2310 1237 2355 imperator
1270 2308 1488 2353 apprehensa
1518 2306 1691 2352 dispergit
1722 2306 1758 2340 in

298 2355 565 2389 circumstantes
587 2366 751 2399 proceres
776 2362 813 2389 et
835 2355 1039 2390 honorarius
1062 2366 1202 2401 puer05‚
1231 2359 1402 2398 quotquot
1424 2354 1500 2399 ipse
1523 2352 1630 2387 volet.
1655 2363 1759 2386 causa

297 2400 400 2435 huius
426 2400 683 2435 distributionis
705 2401 942 2435 numismatum
967 2407 1033 2443 est,
1059 2402 1150 2446 quod
1175 2401 1366 2445 imperator
1389 2399 1507 2444 cupiat
1533 2409 1651 2432 omnes
1675 2409 1758 2442 pro-

297 2458 398 2481 ceres
422 2451 458 2480 et
475 2446 679 2480 honorarius
703 2458 843 2490 puerOS,
871 2447 1058 2480 exercitum
1082 2453 1117 2480 et
1144 2446 1306 2491 populum
1329 2445 1429 2479 simul
1452 2444 1588 2487 laetari,
1615 2444 1759 2478 edentes

297 2498 335 2527 et
355 2492 516 2526 bibentes
542 2504 584 2527 ex
606 2491 825 2537 imperatoris
851 2492 1030 2537 impensis,
1078 2493 1196 2526 decem
1222 2490 1513 2535 consequentibus
1538 2489 1673 2531 diebus,
1699 2494 1760 2523 aut

297 2538 454 2584 pluribus
478 2543 539 2573 aut
562 2538 781 2583 paucioribus
802 2539 932 2582 (neque
955 2538 1044 2571 enim
1069 2544 1124 2571 est
1147 2543 1262 2571 certus
1287 2538 1418 2571 dierum
1441 2546 1613 2578 numerus,
1637 2545 1758 2568 verum

298 2583 436 2628 quoties
460 2583 663 2630 imperatori
694 2583 887 2630 placuerit)
917 2585 1092 2628 perfectas
1116 2584 1224 2618 ferias
1246 2590 1375 2628 agunt,
1410 2581 1602 2628 splendidis
1626 2580 1699 2615 suis
1722 2586 1758 2614 et

297 2630 509 2674 sumptuosis
532 2629 690 2675 quotidie
711 2629 822 2664 induti
846 2629 1077 2664 vestimentis.

390 2696 625 2732 Instituuntur
647 2710 731 2744 ergo
755 2697 809 2732 his
831 2697 965 2740 diebus,
990 2708 1076 2742 quas
1099 2697 1259 2741 diximus,
1284 2695 1407 2742 epulae
1431 2698 1466 2728 et
1485 2705 1616 2728 coenae
1630 2692 1757 2739 opipa-

297 2753 361 2776 rae
379 2743 536 2777 omnibus
560 2744 604 2778 de
622 2750 744 2780 senatu
762 2755 837 2779 cum
859 2743 994 2778 laetitia
1017 2743 1233 2788 epulantibus
1257 2753 1370 2777 coram
1392 2739 1672 2785 imperatoribus,
1693 2739 1753 2783 qui

297 2792 334 2822 et
363 2787 432 2834 ipsi
465 2788 502 2822 in
527 2791 671 2836 propria
702 2802 766 2825 sua
796 2801 913 2824 mensa
943 2789 1136 2835 epulantur.
1186 2789 1309 2834 quibus
1334 2794 1416 2821 tunc
1440 2786 1612 2820 ministrat
1633 2785 1752 2818 dome-

297 2833 405 2867 sticus
431 2838 468 2868 et
487 2836 686 2879 praefectus
709 2848 859 2881 mensae,
883 2835 936 2869 sin
960 2835 1090 2879 minus,
1120 2834 1245 2880 aliquis
1268 2831 1474 2868 honorarius
1497 2831 1664 2876 ephebus,
1691 2841 1753 2864 ca-

295 2879 370 2924 pite
392 2891 462 2914 non
483 2886 610 2926 tectus,
637 2895 681 2918 ex
704 2881 922 2929 imperatoris
944 2881 1065 2927 stirpe,
1094 2880 1149 2915 cui
1173 2881 1210 2915 id
1232 2877 1459 2925 imperaverit
1479 2877 1681 2922 imperator.
1715 2881 1752 2910 at
