1832 3178
300 219 392 264 100
708 219 902 263 CODINI
931 219 1328 263 CUROPALATAE
1355 223 1365 229 ”

294 333 367 389 τὴν
399 329 664 390 παράστασιν.
733 334 799 375 καὶ
831 335 911 375 nav
941 333 1014 387 μὲν
1044 331 1248 389 ἀρχόντων
1277 331 1329 376 τὰ
1361 331 1748 391 οἴκεΐαιφοροῦντων

294 400 518 460 παράσημά
540 419 605 454 τε,
642 399 866 459 σκαράνικα
892 398 1076 456 δηλονότι
1100 404 1166 443 καὶ
1189 402 1239 445 τὰ
1261 401 1407 454 λοιπά,
1439 400 1662 446 §nodutum
1678 403 1747 446 τὸν

293 470 487 526 δεσπότην
508 469 718 527 ἄρχοντες,
762 469 864 526 πρὸς
896 467 967 520 οῧς
998 468 1049 512 ἂν
1075 467 1203 527 ὅρι’σοι
1239 468 1260 513 ὃ
1289 469 1503 524 βασιλεύς,
1544 471 1656 522 ἐντὸς
1674 476 1749 514 τοῦ

240 545 270 580 Β
293 540 492 597 τρικλίνου
523 540 611 595 περὶ
635 537 680 581 τὸ
711 537 848 595 ἄκρον,
894 536 947 581 τά
978 555 1020 582 τε
1052 540 1216 592 διβολέα
1247 539 1392 581 πέδιλα
1421 542 1488 582 καὶ
1521 538 1747 594 καββάδιον

289 608 360 660 ὂξύ
389 607 416 663 ἢ
449 605 630 650 κόκκινον
662 607 1033 664 μαργαριταρέινον.
1101 605 1123 650 ὃ
1157 608 1201 649 δὲ
1228 607 1420 660 βασιλεὺς
1450 613 1589 665 φορῶν
1617 609 1660 650 ἐν
1686 613 1746 667 τῷ
1759 617 1777 651 5

290 678 431 734 κελλίῳ
454 677 580 718 αὐτοῦ
600 675 645 718 τὸ
667 676 827 729 στέμμα
849 677 916 718 καὶ
935 676 987 718 τὰ
1010 675 1131 718 λοιπὰ
1152 675 1307 732 ἔρχεται
1332 671 1436 719 ὅπου
1458 676 1563 719 ἐστὶν
1592 674 1614 718 ὃ
1638 676 1746 734 θρό-

289 761 357 795 νος
388 744 525 787 αὐτοῦ.
594 747 668 786 τοῦ
697 748 792 800 γοῦν
823 742 1135 801 διαφράγματος
1166 744 1390 800 ἄνοιγέντος
1416 745 1744 806 πολυχρονίζουσι

287 811 456 864 πάντες·
491 810 575 855 εἶτα
602 817 682 856 τῶν
704 813 965 870 ἐντιμοτέρων
990 811 1179 870 ἄρχοντες
1204 810 1277 855 δύο
1301 813 1471 870 φέρουσι
1491 813 1561 856 τὸν
1576 811 1744 868 ὖπόψη-

288 899 367 939 (pov
394 879 603 936 δεσπότην,
647 883 715 924 καὶ
747 881 903 925 ἱστᾶσιν
929 880 1160 938 ἔμπροσθεν
1189 885 1262 924 τοῦ
1289 882 1510 935 βασιλέως,
1544 883 1613 925 καὶ
1641 881 1744 938 λέγει

287 950 389 1008 πρὸς
406 950 529 993 αὐτὸν
545 948 567 992 ὃ
588 950 780 1004 βασιλεὺς
799 948 1010 1004 ἱστάμενος
1025 947 1153 1000 οὕτως
1178 947 1235 1005 “ἧ
1251 951 1437 1003 βασιλεία
1454 967 1536 1005 μου
1557 948 1742 1008 προβάλ-
1754 958 1798 992 10

283 1020 398 1062 λεταί
423 1036 466 1062 σε
499 1017 696 1074 δεσπότην
703 1018 747 1070 ,²²
798 1020 865 1061 καὶ
895 1018 1039 1061 αὐτίκα
1074 1017 1195 1060 πάλιν
1225 1019 1552 1075 πολυχρονίζουσι
1584 1015 1743 1070 πάντες.

287 1088 444 1142 (ἰστέον
482 1088 525 1130 δὲ
565 1085 626 1130 ὅτι.
665 1087 740 1141 οὔχ
770 1084 835 1130 ὅτε
860 1084 984 1141 μόνον
1013 1085 1284 1144 προβάλλεται
1321 1085 1518 1142 δεσπότην
1555 1084 1578 1129 ὅ
1617 1091 1742 1141 βασι-

234 1159 265 1194 C
289 1157 382 1207 λεῦς
406 1158 570 1198 ἵσταται
591 1170 603 1181 ·
663 1155 767 1198 ἀλλὰ
807 1157 875 1198 καὶ
917 1153 1085 1210 ὁπηνίκα
1126 1159 1207 1198 τῶν
1258 1155 1459 1213 ὀφφικίων
1497 1153 1654 1210 ποιήσει
1686 1172 1740 1208 τι,

283 1223 358 1267 κᾶν
390 1223 598 1278 ἐλάχιστον
624 1218 672 1282 ᾖ,
733 1221 944 1278 ἱστάμενος
973 1227 1092 1266 τοῦτο
1126 1224 1269 1278 ποιεῖ’).
1345 1221 1367 1266 ὅ
1401 1223 1447 1266 δέ
1471 1239 1516 1280 γε
1545 1221 1741 1279 δεσπότης

281 1293 352 1336 τὸν
381 1297 455 1336 τοῦ
483 1293 682 1347 βασιλέως
713 1291 850 1347 κύψας
882 1290 1099 1344 ἀσπάζεται
1129 1290 1252 1334 πόδα.
1320 1290 1568 1343 ἀναστάντος
1606 1287 1676 1335 οὖν
1713 1290 1793 1335 ὃ15

279 1362 471 1415 βασιλεὺς
501 1362 753 1415 περιτίθησιν
789 1362 1053 1417 οἷκειοχείρως
1092 1364 1145 1418 τῇ
1179 1361 1303 1403 αὐτοῦ
1341 1365 1499 1418 κεφαλῇ
1542 1360 1739 1418 στέφανον

281 1431 350 1472 διὰ
388 1431 517 1472 λίθων
548 1431 615 1472 καὶ
656 1427 898 1486 μαργάρων,
951 1428 1092 1483 ἔχοντα
1132 1427 1322 1484 καμάρας
1362 1428 1511 1486 μικρὰς
1541 1429 1739 1486 τέσσαρας

280 1497 512 1554 ἔμπροσθέν
547 1515 589 1541 τε
628 1500 694 1539 καὶ
736 1496 907 1540 ὄπισθεν
945 1499 1013 1539 καὶ
1048 1499 1091 1539 ἐκ
1127 1498 1325 1553 πλαγίων,
1371 1499 1407 1539 εἷ
1440 1496 1521 1554 ἄρα
1554 1495 1575 1539 ὅ
1599 1514 1738 1554 χειρο-

279 1569 467 1620 τονηθεὶς
486 1566 684 1619 βασιλέως
693 1564 779 1615 υἱός
799 1567 917 1616 ἔστιν,
953 1567 986 1607 εἷ
1006 1566 1049 1607 δὲ
1068 1565 1252 1621 γαμβρὸς
1273 1563 1388 1619 τύχοι
1408 1563 1477 1617 ὤν,
1505 1564 1737 1622 ἔμπροσθεν

276 1634 402 1689 μόνον
416 1648 428 1659 ·
463 1634 508 1685 ὃς
528 1634 579 1689 δὴ
597 1634 794 1691 στέφανος
817 1638 994 1676 καλεῖται
1016 1635 1083 1675 καὶ
1102 1631 1459 1690 στεμματογύριον.
1525 1634 1592 1675 καὶ
1607 1637 1734 1676 πολυ·
1745 1642 1791 1676 20

274 1704 527 1759 χρονίζουσιν
546 1697 682 1753 αὖθις.
751 1701 885 1744 ἔπειτα
913 1702 1166 1752 κλεισθέντος
1189 1706 1263 1745 τοῦ
1291 1699 1601 1759 διαφράγματος
1621 1700 1642 1744 ὃ
1662 1702 1737 1757 μὲν

276 1772 469 1824 βασιλεὺς
492 1771 705 1828 ἀπέρχεται
727 1773 783 1821 εἷς
800 1771 845 1813 τὸ
870 1772 1022 1813 κελλιόν
1045 1770 1172 1813 αὐτοῦ
1180 1803 1192 1821 ,
1228 1769 1249 1812 ὃ
1270 1771 1315 1813 δέ
1332 1787 1374 1826 γε
1398 1767 1595 1825 δεσπότης
1616 1772 1672 1820 εἷς
1689 1770 1735 1813 τὸ

278 1838 426 1882 ἑαυτοῦ
456 1837 633 1882 ὄσπίτιον
664 1839 766 1893 μετὰ
795 1843 875 1881 τῶν
906 1838 1111 1896 ῥηθέντων
1138 1839 1265 1881 αὐτοῦ
1285 1836 1541 1896 φορεμάτων,
1575 1836 1735 1882 πάντων

368 1936 414 1970 12
435 1932 615 1979 δεσπότης
637 1935 665 1968 Ρ
822 1933 864 1968 15
885 1931 1012 1978 κύψας
1033 1934 1101 1969 add
1125 1932 1153 1968 A
1305 1933 1351 1969 23
1372 1930 1557 1979 ὁσπίτιον]
1581 1929 1680 1969 οὕτω
1703 1933 1732 1968 P

365 1979 586 2024 φορεμάτων
609 1980 678 2015 add
700 1980 759 2014 AB

274 2059 478 2107 proceribus
501 2060 640 2105 quidem
662 2070 726 2093 sua
748 2058 898 2103 insignia
914 2058 1142 2103 gestantibus,
1168 2062 1288 2104 utpote
1304 2057 1486 2094 scaranica
1509 2060 1546 2093 et
1566 2058 1604 2093 id
1624 2069 1733 2103 genus

273 2107 362 2148 alia,
393 2105 540 2140 induunt
562 2106 742 2151 despotam
766 2116 929 2150 proceres
952 2105 978 2139 ii
1002 2117 1088 2150 quos
1113 2105 1300 2149 imperator
1323 2104 1608 2150 praescripserit,
1639 2105 1732 2139 intra

271 2151 473 2195 triclinium,
496 2151 534 2185 in
557 2161 688 2185 summa
712 2150 785 2184 eius
808 2156 922 2196 parte,
946 2163 1070 2197 nempe
1095 2150 1223 2195 duplici
1247 2151 1363 2184 colore
1387 2149 1578 2195 cothurnis,
1603 2151 1730 2185 eabba-

271 2198 331 2232 dio
355 2197 511 2232 violaceo
544 2197 601 2231 vel
632 2197 814 2240 coccineo,
849 2197 1045 2242 margaritis
1074 2196 1254 2231 distincto.
1302 2202 1339 2230 at
1368 2195 1561 2242 imperator
1590 2201 1730 2241 gestans

270 2254 334 2278 suo
357 2244 395 2277 in
418 2242 574 2277 conclavi
597 2247 739 2277 stemma
761 2254 858 2276 suum
882 2248 918 2277 et
937 2243 1092 2288 reliqua,
1126 2242 1285 2288 procedit
1316 2243 1359 2276 ad
1389 2242 1500 2277 locum
1520 2242 1638 2276 throni
1660 2243 1727 2278 sui.

271 2288 463 2336 sepimento
486 2289 595 2333 igitur
616 2289 792 2334 patefacto
820 2300 938 2323 omnes
968 2294 1156 2335 precantur
1187 2287 1311 2323 multos
1343 2299 1464 2323 annos.
1510 2288 1636 2322 deinde
1659 2287 1727 2322 duo

271 2347 316 2370 ex
347 2334 630 2370 honoratioribus
662 2334 868 2380 proceribus
902 2335 1075 2369 adducunt
1098 2335 1301 2380 despotatus
1325 2334 1563 2378 candidatum,
1596 2338 1630 2368 et
1653 2338 1727 2368 sta-

269 2385 374 2416 tuunt
394 2386 476 2416 ante
497 2380 760 2426 imperatorem,
792 2391 894 2425 quem
917 2384 1014 2415 stans
1038 2380 1089 2415 sic
1113 2381 1256 2414 affatur:
1290 2377 1493 2426 “imperium
1517 2390 1627 2414 meum
1649 2379 1726 2413 sive

269 2426 432 2461 maiestas
457 2438 533 2461 mea
554 2431 651 2461 creat
673 2432 708 2461 te
731 2423 960 2472 despotam;'’
995 2429 1031 2461 et
1061 2426 1179 2461 statim
1211 2438 1329 2460 omnes
1351 2426 1389 2459 in
1410 2425 1592 2460 multorum
1616 2435 1726 2467 anno-

268 2483 344 2507 rum
367 2471 647 2519 apprecationem
670 2477 864 2519 erumpunt.
911 2472 1087 2507 sciendum
1121 2484 1204 2506 vero
1238 2472 1482 2518 imperatorem
1515 2482 1584 2505 non
1616 2469 1724 2505 solum

269 2524 377 2564 stare,
402 2519 540 2564 quando
564 2519 743 2565 despotam
765 2523 880 2562 creat;
917 2519 980 2552 sed
1003 2520 1278 2563 quandocunque
1299 2518 1439 2564 aliquod
1463 2517 1615 2552 officium
1639 2527 1724 2550 con-

267 2564 357 2608 fert,
392 2564 475 2599 licet
507 2564 680 2599 minimum
711 2564 775 2609 sit,
810 2565 846 2598 id
872 2569 967 2598 stans
991 2564 1088 2598 facit.
1138 2570 1172 2599 at
1194 2565 1341 2609 despota
1363 2564 1484 2608 pedem
1505 2562 1726 2608 imperatoris

267 2610 456 2644 osculatur.
505 2615 543 2645 ut
576 2615 688 2645 autem
712 2609 881 2655 surrexit,
915 2611 1063 2655 imponit
1092 2611 1281 2655 imperator
1310 2609 1452 2655 propria
1483 2619 1584 2642 manu
1616 2607 1723 2652 capiti

266 2655 341 2689 eius
364 2667 525 2690 coronam
549 2668 592 2690 ex
614 2657 799 2691 unionibus
823 2662 857 2690 et
882 2656 1078 2700 margaritis
1102 2657 1315 2699 confectam,
1352 2655 1534 2688 habentem
1557 2659 1723 2698 quattuor

265 2701 431 2746 parvulas
456 2713 609 2736 cameras
638 2714 701 2737 seu
730 2701 918 2736 forniculas
942 2708 1022 2736 ante
1047 2710 1141 2735 retro
1167 2707 1201 2736 et
1225 2703 1268 2735 ab
1293 2706 1440 2744 utroque
1462 2699 1590 2743 intere,
1623 2698 1654 2732 si
1676 2699 1722 2732 ad

265 2747 485 2792 despotatum
518 2752 660 2782 evectus
696 2748 743 2783 sit
775 2748 866 2782 filius
897 2747 1135 2793 imperatoris:
1168 2747 1222 2781 sin
1248 2753 1359 2780 autem
1387 2756 1511 2789 gener,
1544 2751 1615 2778 tum
1640 2750 1721 2778 ante

265 2793 453 2835 duntaxat3
489 2795 582 2839 quod
620 2800 747 2829 sertum
786 2793 979 2840 appellatur
1014 2793 1116 2827 etiam
1150 2791 1486 2836 stemmatogyrium3
1527 2790 1721 2834 iterumque

264 2838 387 2873 multos
412 2851 520 2874 annos
543 2845 788 2886 apprecantur.
837 2841 963 2875 deinde
986 2839 1101 2873 clauso
1131 2838 1321 2872 interstitio
1345 2838 1534 2882 imperator
1557 2836 1600 2869 ad
1622 2846 1718 2868 suum

263 2886 428 2921 conclave
453 2886 545 2928 abit3
571 2888 717 2932 despota
741 2887 859 2922 itidem
883 2886 919 2920 in
941 2897 1037 2920 suum
1064 2896 1139 2918 cum
1163 2884 1320 2918 omnibus
1343 2882 1530 2928 praedictis
1551 2880 1716 2926 gestami-
