1864 3164
315 193 412 240 286
524 194 797 238 GRETSERI
819 194 889 237 ET
914 192 1089 237 GOARI
1106 191 1545 238 COMMENTARIUS

339 300 452 337 ratiam
475 312 536 348 pro
560 312 626 349 ope
646 301 716 337 lata
737 300 904 335 relaturus
929 299 1138 344 Tzimiscen,
1161 299 1287 346 templo
1312 300 1345 335 in
1364 310 1431 347 quo
1453 299 1483 336 is
1513 299 1661 335 humatus
1684 306 1757 336 erat

313 313 501 390 gesti-octo,
533 347 622 382 aliud
647 346 912 391 magnificentius
935 351 1139 380 exstructum
1160 346 1306 392 praediis
1328 346 1454 392 amplos
1477 346 1678 381 habentibus
1701 358 1758 381 re·-

314 392 403 426 ditus
423 393 601 433 ditaverit,
626 398 661 427 et
682 393 814 434 urbem,
839 391 1054 425 Euchaneiae
1075 402 1257 437 suppresso
1280 391 1423 436 nomine,
1445 391 1622 427 vocaverit
1640 391 1758 426 Theo—

313 438 512 481 doropolim.
558 437 670 472 subdit
700 437 892 478 cedrenus,
929 448 973 470 ex
1004 447 1071 482 quo
1091 437 1173 471 haec
1194 436 1409 483 depromptat
1446 448 1526 471 sane
1552 437 1603 472 his
1625 448 1757 482 semper

314 483 503 529 auspicibus
536 488 640 528 atque
671 483 900 527 antesignanis
932 482 1108 516 adversum
1131 483 1245 516 hostes
1267 482 1317 516 uti
1338 483 1470 516 solebat
1486 481 1668 528 imperator
1690 483 1756 518 hic.

314 540 377 562 nec
400 533 544 563 temere:
571 529 661 562 visus
685 528 769 562 enim
795 527 969 562 manifesto
992 532 1122 572 martyr
1143 539 1240 573 opem
1262 528 1365 570 ferre,
1386 527 1526 561 hostiles
1547 536 1667 561 cuneos
1683 531 1756 561 tur·-

314 573 415 616 bare,
449 579 485 607 et
517 574 799 619 praeclarissimae
823 573 940 607 ducem
962 585 1000 608 se
1022 577 1196 619 praestare
1220 572 1393 608 victoriae.
1438 572 1572 607 ultimus
1595 570 1759 607 Theodo-

314 631 373 653 rus
396 619 501 661 alius,
535 620 601 653 tiro
624 620 749 660 dictus,
783 630 849 653 non
872 618 961 663 quod
984 629 1145 653 armorum
1169 617 1323 652 tirocinio
1345 616 1555 659 erudiretur,
1585 617 1646 652 sed
1667 618 1757 664 quod

315 665 348 698 in
381 665 518 698 cohorte
548 665 692 699 tironum
724 665 813 699 dicta
842 668 1021 710 provectus
1049 663 1198 698 centurio
1228 667 1484 709 promereretur.
1530 663 1760 698 Damascena:

314 710 555 744 subdiaconus:
593 704 684 755 ἦτον
705 707 769 744 καὶ
793 706 902 749 αὐτὸς
924 707 1009 750 ἕνας
1033 707 1085 750 εἰς
1106 706 1147 744 τό
1172 706 1291 753 τάγμα
1313 705 1410 744 ὅπου
1433 705 1663 753 &wanden-ov
1689 705 1758 744 Τύ-

315 766 447 799 ρωνες,
471 752 569 789 ὠσάν
591 753 639 790 vo}
663 753 768 802 εἰπῇς
790 751 1064 800 ἑκατόνταρχος.
1111 754 1161 789 ita
1184 754 1292 788 dictus
1309 758 1428 788 auctor
1441 754 1573 798 vulgari
1586 754 1757 792 idiomate.

402 838 439 876 p.
451 822 504 866 48
526 839 559 864 v.
571 824 607 866 4.
632 825 722 863 illud
740 822 957 878 Θεοδῶρων
972 828 1029 863 est
1048 823 1238 874 utriusque
1250 822 1439 863 Theodori
1454 824 1639 876 martyris,
1655 824 1759 863 ducis

316 884 356 919 et
374 882 514 920 tironis.
572 882 702 933 prioris
717 883 851 921 festum
872 885 988 932 agunt
1008 880 1139 918 Graeci
1154 883 1179 923 8
1199 880 1313 930 Iunii,
1342 881 1556 932 posterioris
1581 882 1632 922 17
1649 879 1760 920 Febr.

317 942 357 976 et
383 938 422 976 in
447 938 544 977 hunc
571 939 728 977 tironem
751 943 874 978 exstat
900 940 941 977 S.
973 938 1143 989 Gregorii
1173 936 1335 988 Nysseni
1360 936 1604 990 pulcherrima
1631 937 1762 976 oratio.

407 1014 493 1049 ibid.
557 1011 740 1058 Γεώργιον
774 1010 954 1058 ἔφιππον]
990 1013 1193 1048 notissimum
1223 1012 1299 1047 olim
1332 1011 1478 1055 ducem,
1513 1011 1640 1047 sanctis
1674 1022 1762 1047 nunc

316 1058 463 1138 “him
495 1060 657 1138 ¹¹²³“y‘35'
678 1059 1395 1151 ffirfflfflcmmsffquffl⁰325}ss
1416 1057 1762 1138 „¹:¹25”333‘2‘0?

317 1115 570 1195 ffgcbafiadegffg
586 1116 637 1189 εἷς
660 1147 795 1194 ἄλογον
823 1115 1248 1194 ἅσπρονῗηςῠαωςοεοοηιῖε
1272 1115 1456 1182 οἰίαιιιερίιι
1485 1115 1675 1184 Thesauro?
1701 1115 1765 1184 ng

318 1195 479 1275 ggplffi‘iloi
495 1200 529 1275 elit
549 1195 733 1275 ἔδεοᾱοτο
760 1195 885 1231 sanctis
909 1197 1118 1230 Graecorum
1142 1193 1396 1230 auxiliatoribus
1428 1193 1571 1229 Nicetas
1599 1194 1765 1230 Mauuelis

408 1307 452 1340 ib.
477 1319 511 1341 v.
536 1307 571 1342 5.
595 1307 854 1352 ὃρακοντεῖον]
890 1319 963 1342 cum
994 1307 1114 1353 aquilis
1141 1307 1177 1342 in
1207 1307 1312 1342 aciem
1341 1306 1430 1341 iuter
1458 1305 1585 1341 vexilla
1605 1305 1666 1340 lati
1687 1310 1767 1341 nunt
1827 1324 1829 1326 -

317 1351 419 1386 etiam
443 1352 624 1394 dracones,
648 1353 790 1387 maxime
813 1354 945 1387 labente
966 1353 1117 1398 imperio.
1162 1353 1262 1386 docet
1282 1352 1503 1397 Dempsterus
1525 1351 1569 1386 ad
1592 1352 1687 1387 Rom.
1703 1362 1766 1386 an-

317 1397 381 1441 tiq.
403 1398 540 1431 calcem.
587 1398 629 1431 de
649 1398 769 1442 quibus
801 1398 925 1432 Suidas
957 1410 991 1432 v,
1024 1399 1174 1442 σημεῖαε
1213 1394 1239 1431 ἃ
1267 1394 1442 1452 φέρουσιν
1469 1394 1510 1430 ἐν
1537 1397 1591 1441 τῷ
1621 1393 1767 1442 πολέμῳ

316 1437 518 1486 ὑφάσματά
542 1439 609 1476 εἰσι
635 1442 738 1488 βαφῇ
759 1440 1041 1487 πεποικιλμένα,
1076 1439 1102 1477 ὁὶ
1140 1440 1192 1483 εἰς
1222 1440 1327 1476 ἰὸεαν
1345 1439 1501 1486 μάλιστα
1522 1437 1646 1484 ὄφεων
1667 1441 1768 1476 εἴκα-

318 1497 421 1531 σται,
457 1486 521 1522 καὶ
543 1485 784 1533 α’πῃώρηνται
805 1489 946 1522 κοντῶν
973 1486 1195 1533 συμμέτρων.
1240 1486 1463 1532 descripserat
1483 1486 1577 1532 priua
1599 1487 1770 1521 Marcelli-

318 1543 382 1566 nus
405 1533 428 1567 1.
452 1534 516 1567 16:
539 1534 721 1578 purpureis
741 1534 801 1567 sub
823 1534 1031 1579 tegminibus
1054 1535 1139 1568 texti
1163 1533 1410 1567 circumdedere
1434 1532 1615 1575 dracones,
1645 1533 1770 1567 hasta-

318 1589 396 1612 rum
422 1580 538 1612 aureis
563 1581 792 1623 gemmeisque
813 1580 1065 1613 summitatibus
1086 1579 1244 1623 illigati,
1266 1579 1366 1612 hiatu
1388 1582 1485 1612 vasto
1502 1577 1701 1624 per-flamen,
1732 1581 1767 1612 et

318 1624 415 1659 velut
433 1624 489 1657 ira
514 1626 637 1668 perciti
658 1625 853 1669 sibilantes,
881 1626 1132 1669 caudarumque
1141 1625 1318 1659 volumina
1329 1624 1552 1668 relinquentes
1566 1624 1603 1657 in
1617 1628 1768 1659 ventum.

433 1693 504 1732 His
527 1694 769 1745 imperatoriis
801 1694 956 1732 flamulis
990 1706 1056 1731 seu
1083 1693 1220 1731 vexillis
1237 1695 1391 1744 propter
1417 1692 1674 1743 cognationem
1699 1704 1768 1730 no—

322 1749 431 1787 minis
459 1750 557 1787 adde
585 1750 752 1788 vexillum
783 1752 823 1788 S.
852 1749 1041 1800 Dionysii,
1077 1749 1216 1787 Gallice
1255 1749 1433 1800 orz‘flambe
1467 1749 1626 1799 dictum,
1665 1748 1770 1798 quod

323 1818 432 1855 reges
467 1805 610 1844 Galliae
646 1819 788 1844 summa
828 1807 1006 1856 religione
1035 1818 1159 1843 secum
1193 1806 1232 1843 in
1265 1805 1516 1854 expeditiones
1551 1805 1770 1843 educebant.

325 1863 373 1899 de
412 1874 487 1910 quo
522 1863 606 1900 vide
640 1867 748 1912 gesta
788 1861 967 1899 Ludovici
1001 1862 1227 1899 Francorum
1254 1861 1352 1910 regis
1387 1860 1450 1898 fol.
1475 1863 1578 1910 138,
1606 1859 1705 1910 144,
1731 1862 1771 1904 et

323 1915 532 1968 Rigordum
555 1919 602 1956 de
630 1919 746 1968 gestis
770 1917 931 1969 Philippi
959 1916 1120 1967 Augusti
1149 1918 1247 1967 regis
1271 1916 1333 1954 fol.
1367 1917 1447 1957 186
1472 1916 1530 1953 ed.
1551 1915 1708 1953 Pithoei.

436 1982 524 2019 Non
564 1997 716 2035 possum
747 1985 818 2022 hoc
848 1985 929 2021 loco
966 1984 1100 2021 tacitus
1125 1982 1324 2034 praeterire
1349 1981 1550 2032 Nicephori
1581 1981 1772 2032 Gregorae

322 2036 347 2075 1:
374 2039 401 2078 7
426 2038 615 2076 sinistrum
644 2044 682 2077 et
702 2040 884 2077 abiectum
916 2039 1087 2075 iudicium
1113 2039 1160 2075 de
1185 2036 1452 2075 marchionibus
1474 2035 1642 2088 Latinis,
1676 2048 1772 2086 quos

323 2093 376 2131 ait
404 2106 472 2131 non
499 2106 568 2131 esse
600 2095 714 2132 claros
738 2095 833 2145 apud
859 2094 1026 2140 Latinos,
1065 2093 1124 2131 sed
1159 2106 1234 2131 eum
1268 2093 1460 2142 dignitatis
1487 2093 1639 2142 gradum
1660 2096 1774 2132 tenere

323 2162 421 2200 quem
441 2149 536 2199 apud
562 2149 737 2187 Romanos
764 2148 1020 2201 (Cpolitanos)
1052 2153 1141 2186 tenet
1167 2147 1188 2188 ὅ
1213 2146 1286 2199 τήν
1307 2145 1516 2200 βασιλικήν
1535 2148 1710 2200 σημαίαν
1728 2148 1775 2190 ἐν

323 2202 583 2256 στρατεύμασι
610 2204 804 2257 κατέχων,
839 2209 878 2242 et
905 2205 1105 2242 marchioni
1129 2208 1294 2255 perpetuo
1316 2217 1443 2242 munus
1473 2204 1538 2242 hoc
1563 2205 1774 2246 attributum

323 2273 393 2298 esse
413 2264 454 2297 ut
482 2274 567 2298 novo
590 2263 793 2311 imperatori
824 2261 991 2298 vexillum
1022 2260 1214 2311 praeferat.
1271 2259 1408 2297 scilicet
1430 2259 1591 2299 marchio
1612 2259 1774 2299 Montis-

322 2317 473 2366 ferrati,
511 2316 692 2366 Misniae‚
731 2316 1052 2366 andeburgicus
1081 2320 1120 2353 et
1153 2315 1287 2353 similes
1313 2317 1415 2367 apud
1440 2315 1596 2354 Latinos
1624 2316 1774 2354 maioris

323 2372 516 2422 dignitatis
544 2385 619 2410 non
647 2377 753 2411 erant
783 2385 892 2421 quam
914 2372 1160 2422 lampadarius
1179 2376 1244 2409 aut
1262 2373 1292 2409 is
1309 2373 1371 2421 qui
1391 2371 1561 2409 divelium
1578 2375 1644 2409 aut
1667 2373 1775 2410 flam-

323 2428 423 2465 mula
452 2429 687 2479 imperatoria
714 2429 816 2478 apud
841 2428 1004 2465 Graecos
1033 2428 1245 2478 imperatori
1270 2427 1553 2479 praeportabat3
1582 2440 1651 2465 nec
1676 2440 1776 2466 mar-

324 2483 473 2522 chiones
510 2497 599 2534 seu,
642 2488 684 2522 ut
722 2484 852 2522 Graeci
885 2483 1095 2534 appellant,
1135 2487 1295 2522 marcesii
1319 2495 1454 2522 nomen
1481 2483 1551 2521 hoc
1581 2483 1722 2521 habent
1750 2495 1775 2522 a

323 2540 452 2578 vexillo
474 2552 539 2578 seu
570 2541 704 2586 bando,
745 2540 812 2577 sed
841 2553 863 2577 a
891 2539 1064 2576 limitibus
1094 2540 1253 2577 tuendis.
1310 2539 1430 2577 marck
1451 2539 1548 2576 enim
1578 2538 1773 2576 Germanis

324 2595 427 2633 limes
457 2600 524 2633 est.
582 2609 666 2634 nam
691 2595 823 2633 finibus
848 2595 1088 2632 defendendis
1129 2595 1305 2645 praefecti
1341 2598 1468 2644 erant,
1506 2594 1570 2643 qui
1597 2594 1775 2644 temporis

188 2664 218 2700 Ρ
238 2663 307 2701 221
332 2664 531 2702 progressu
553 2653 601 2689 ad
627 2652 866 2702 amplissimas
889 2663 978 2701 opes
998 2651 1270 2700 latissimosque
1286 2651 1511 2701 principatus
1530 2654 1774 2688 emerserunt:

331 2707 449 2754 qualis
477 2708 572 2746 enim
593 2712 631 2745 et
660 2721 769 2757 quam
792 2711 925 2758 potens
957 2707 1118 2744 marchio
1146 2707 1493 2757 Brandeburgicus‚
1521 2705 1681 2743 marchio
1700 2704 1775 2743 Ba-

329 2762 477 2812 densis,
502 2764 662 2801 marchio
688 2762 984 2814 Onspachensis‚
1011 2762 1172 2800 marchio
1194 2763 1402 2814 Moraviae‚
1428 2760 1588 2799 marchio
1615 2760 1775 2811 Burgoi-

330 2830 395 2856 cus
417 2822 457 2858 et
487 2819 573 2858 alii?
628 2820 708 2872 ipse
745 2820 856 2859 etiam
892 2818 1044 2858 Nicetas
1083 2819 1287 2858 Choniates
1320 2817 1345 2857 l.
1372 2821 1399 2861 7
1437 2817 1485 2855 de
1519 2816 1630 2856 rebus
1657 2817 1775 2868 gestis
