1820 3178
283 183 378 228 132
482 181 762 229 GRETSERI
788 182 860 226 ET
884 181 1061 227 GOARI
1087 181 1529 227 COMMENTARIUS

715 369 1150 420 CAPUT
1224 369 1316 422 VI.

366 506 408 542 p.
422 494 446 532 4
468 507 503 531 v.
530 495 586 532 13.
626 491 651 538 ἡ
670 489 827 538 δευτέρα
840 489 991 539 πεντάς]
1014 493 1096 540 quid
1125 496 1182 529 est
1210 492 1302 539 quod
1327 491 1517 538 quinarium
1542 492 1660 528 titulus
1683 503 1741 528 su-

278 540 417 589 perior,
445 541 535 575 sicut
559 544 597 575 et
618 540 674 575 hic
697 540 874 586 promisit,
903 543 939 575 at
961 551 1027 574 non
1051 540 1099 574 ita
1114 540 1208 574 velut
1222 539 1278 574 hic
1291 539 1440 585 quinque
1453 538 1620 574 officiales
1635 551 1744 585 expo-

278 588 376 623 suit?
421 587 630 633 respondeo,
656 586 853 632 protecdico
877 585 1046 632 quondam
1067 585 1212 640 quinarii
1236 585 1331 620 tertii
1357 585 1498 632 primam
1523 585 1637 620 sedem
1651 585 1743 619 obti-

279 638 402 677 nente,
427 637 531 678 prout
553 633 714 667 Allatiani
728 631 877 677 catalogi
891 632 1113 666 declarantia
1127 631 1339 677 Euchologio
1350 655 1362 672 ‚
1388 631 1530 677 primum
1553 631 1743 676 quinarium

278 680 395 726 plures
414 679 620 714 officialibus
637 679 786 725 quinque
799 690 867 713 non
891 678 1113 713 continuisse:
1138 682 1176 713 at
1190 689 1272 712 vero
1290 677 1497 723 postmodum
1512 677 1744 723 superioribus

275 728 514 767 annumerato,
541 736 585 760 ne
600 737 638 760 se
654 725 807 759 deiectos
822 723 968 770 quinarii
981 724 1121 759 secundi
1137 724 1302 759 officiales
1317 728 1616 769 conquererentur,
1634 722 1743 768 primo

275 771 385 806 visum
401 776 455 806 est
468 771 562 805 illum
577 770 843 816 aggregandum.
888 767 982 805 άλλά
999 781 1058 815 γε,
1084 769 1171 805 dixit
1192 770 1227 804 in
1249 769 1532 816 praecedentibus
1547 768 1744 803 Matthaeus

275 817 411 858 Iatrus,
442 816 508 852 καὶ
529 816 780 861 πρωτέκᾶικος
803 817 1088 861 συναριθμεῖται
1116 813 1282 860 τούτοις,
1319 816 1490 850 senarium
1512 819 1745 862 componeret,

274 862 342 897 nisi
357 862 502 908 quinarii
517 875 637 898 nomen
652 863 780 898 vellent
794 874 870 897 esse
882 867 1063 898 retentum.
1110 862 1273 896 rationem
1288 862 1421 908 profert
1444 862 1590 896 loannes
1612 861 1744 895 citrius

276 909 386 954 Resp.
402 908 526 944 81uris
554 909 625 944 GR
639 909 663 943 l.
678 908 717 944 5:
741 904 784 944 τὸ
806 905 850 943 δὲ
870 909 939 944 τοῦ
959 908 1212 952 πρωτεκδίκου
1238 905 1420 952 ὅφφίκιον
1441 902 1484 942 ἐν
1506 909 1587 947 τοῖς
1607 903 1744 952 ὑποβε-

279 952 435 1001 βηκόσιν
459 949 505 989 ὃν
529 951 709 999 ἔκπαλαι,
739 951 894 997 ὕστερον
914 950 955 990 ἐν
976 957 1056 995 τοῖς
1081 951 1323 999 ’ὑπερέχουσιν
1345 950 1526 998 συνετάγη
1549 948 1654 997 παρὰ
1674 951 1745 986 τοῦ

277 1002 348 1045 τῆς
360 999 546 1046 μακαρίας
560 998 694 1046 λήξεως
707 998 939 1046 πατριάρχου
954 1001 1030 1035 ΚΠ
1044 1000 1231 1044 Γεωργίου
1255 999 1325 1035 τοῦ
1350 999 1561 1044 Ξιφιλίνου.
1606 998 1744 1044 promo-

278 1046 381 1081 tionis
397 1047 494 1091 origo
512 1046 578 1081 fuit
592 1047 720 1081 lucrum
735 1058 778 1082 ex
793 1046 981 1081 huiusmodi
996 1051 1105 1082 ortum
1121 1046 1257 1089 officio,
1281 1046 1370 1091 quod
1394 1045 1506 1080 nuilus
1528 1043 1595 1079 nisi
1616 1044 1745 1079 invitus

275 1092 481 1135 deserebat,
517 1095 558 1126 ut
585 1093 724 1127 veiente
751 1092 946 1139 patriarcha
970 1092 1177 1139 superiorem
1200 1092 1309 1126 locum
1335 1095 1491 1133 teneret;
1518 1090 1574 1125 rel
1599 1090 1743 1124 ambitus

276 1138 388 1173 honor
417 1138 592 1183 suggessit
617 1138 846 1184 evectionem,
884 1150 928 1173 ne
950 1139 1007 1184 qui
1036 1138 1151 1173 officio
1175 1138 1386 1182 ditescebat,
1415 1147 1550 1183 semper
1570 1136 1607 1171 in
1629 1135 1745 1171 humili

277 1184 360 1220 sede
374 1184 514 1220 iaceret.
559 1184 642 1219 vide
655 1185 890 1220 Balsamonem
905 1185 940 1219 in
955 1196 1029 1220 can.
1044 1185 1090 1221 34
1105 1183 1307 1230 carthagin.

388 1253 435 1292 In
454 1255 619 1293 secunda
640 1255 876 1294 continentur
904 1258 923 1297 1
950 1256 1253 1307 protonotarius,
1276 1258 1304 1298 2
1325 1252 1544 1306 logotheta,
1563 1254 1590 1294 3
1607 1249 1632 1295 o‘
1649 1265 1746 1293 καν-

275 1309 474 1365 στρίσιος,
494 1310 522 1352 4
543 1312 838 1363 referendarius,
856 1311 882 1353 5
907 1311 928 1354 ὁ
945 1307 1398 1366 ὕπομνηματογράφων.

329 1402 331 1405 ⁴
369 1387 456 1422 ibid.
482 1384 504 1422 ὃ
525 1385 840 1433 πρωτονοτάριος]
865 1388 1038 1446 explicant
1061 1389 1132 1423 eius
1168 1388 1317 1424 officium
1340 1387 1529 1423 Allatiana=
1553 1382 1575 1420 ὄ
1599 1396 1744 1430 πρωτο-

275 1431 451 1476 νοτάριος
481 1431 673 1479 ἴστάμενος
702 1430 744 1468 ἐν
769 1435 822 1480 τῷ
849 1431 942 1479 ἁγιῳ
969 1432 1104 1480 βήματι
1129 1432 1182 1475 εἰς
1202 1432 1407 1480 ὑπηρεσίαν
1428 1434 1497 1469 τοῦ
1533 1428 1744 1477 ἀρχιερέως,

275 1477 342 1514 καὶ
360 1476 400 1513 ἐν
415 1478 469 1526 τῷ
489 1479 610 1527 καιρῷ
624 1481 690 1525 τῆς
704 1476 881 1525 ’ὒψώσεως
895 1479 1043 1515 δίδοται
1058 1480 1212 1526 νίψιμον
1227 1482 1280 1525 τῷ
1303 1479 1466 1526 ἀρχιερεῖ
1475 1504 1498 1525 ,⁴
1514 1479 1662 1519 κρατῶν
1679 1477 1744 1513 καὶ

275 1521 322 1560 τὰ
344 1522 527 1570 δικήριον.
583 1523 720 1571 ’γράφει
748 1521 791 1559 δὲ
817 1521 841 1560 ὅ
862 1537 897 1560 τι
922 1520 971 1560 ἂν
997 1524 1169 1573 βούλεται
1193 1524 1214 1562 ὁ
1243 1523 1433 1572 ἀρχιερεύς
1460 1523 1657 1571 μηνύματα
1688 1521 1743 1564 εἰς

275 1567 404 1605 πάντα
429 1568 605 1616 ἄρχοντα.
657 1568 881 1614 α’ναθεωρεῖ
898 1567 941 1606 δὲ
966 1570 1031 1606 καὶ
1065 1570 1153 1614 τοὺς
1188 1568 1364 1617 νομικοὺς
1394 1571 1453 1612 δὶς
1468 1572 1535 1606 τοῦ
1556 1566 1745 1612 ἐνιαυτοῦ,

276 1613 509 1660 σκεψάμενος
524 1614 566 1651 δὲ
581 1614 645 1652 καὶ
660 1615 915 1663 συμφωνήσεις
936 1614 1088 1660 πράσεις
1110 1617 1301 1664 διαθήκας
1323 1615 1386 1653 καὶ
1407 1612 1632 1661 ἐλευθερίας.
1678 1615 1744 1651 καὶ

277 1659 461 1706 ἀναφέρει
483 1659 550 1703 τάς
575 1660 670 1707 εἰσερ
696 1659 830 1708 ομένας
849 1660 1049 1705 ὑποθέσεις
1073 1664 1127 1698 zai
1147 1661 1320 1710 ἀρχιερεῖ.
1370 1663 1439 1706 (Με
1469 1660 1490 1698 ὁ
1506 1660 1744 1707 πρωτονοτά-

276 1719 358 1752 ριος
373 1706 532 1753 εἱστήκει
549 1703 589 1743 ἐν
604 1709 651 1754 τῇ
683 1709 837 1757 κκλησία
852 1707 904 1750 εἰς
917 1700 1122 1754 ὑπηρεσίαν
1138 1711 1206 1746 τοῦ
1220 1707 1430 1755 ἆρχιερέως,
1456 1707 1520 1744 καὶ
1537 1708 1682 1753 κρατῶν
1697 1703 1742 1742 τὸ

276 1751 512 1798 καλαμάριον
543 1750 661 1789 αὐτοῦ
682 1754 908 1798 παρίσταται
930 1752 1141 1800 ἔμπροσθεν
1165 1757 1234 1791 τοῦ
1259 1754 1457 1801 ἀρχιερέως
1475 1752 1538 1790 καὶ
1563 1751 1696 1800 γράφει
1718 1750 1740 1787 ὃ

276 1800 451 1840 τοιοῦτος
464 1799 681 1883 εἶ’τιςὲχρεία
705 1796 815 1835 ἐστίν.
862 1797 1084 1846 άναθεωρεῖ
1102 1800 1166 1837 καὶ
1190 1799 1279 1857 τοὺς
1302 1799 1495 1856 νομικούέ,
1520 1798 1655 1846 ’γράφει
1677 1797 1743 1834 καὶ

277 1845 468 1889 διατάξεις
482 1843 546 1880 καὶ
585 1846 783 1892 λευθερίας
799 1843 864 1882 καὶ
877 1845 1142 1892 προστάγματα
1155 1846 1219 1883 καὶ
1235 1860 1282 1883 τα
1295 1845 1438 1883 τούτων
1452 1845 1596 1892 ομοια.)

394 1914 480 1954 Post
517 1916 776 1955 exocatacoelos
816 1919 954 1967 primus
999 1921 1051 1955 est
1089 1919 1374 1969 protonotarius,
1411 1917 1535 1966 inquit
1583 1915 1745 1954 Ioannes
1788 1924 1791 1927 '

278 1971 434 2011 Citrius.
488 1983 534 2009 ex
583 1983 660 2021 quo
713 1972 855 2022 liquet,
905 1985 1021 2022 quare
1059 1978 1211 2012 vocetur
1255 1969 1368 2028 θύρα
1414 1976 1496 2014 τῶν
1546 1971 1743 2022 ἕξωκατα-

276 2029 450 2077 κοίλων,
493 2028 665 2068 nimirum
696 2029 786 2078 quia
818 2029 1006 2079 proximus
1041 2042 1065 2069 a
1097 2030 1225 2084 primis
1254 2034 1313 2068 est
1343 2033 1383 2068 et
1412 2030 1520 2081 quasi
1541 2030 1652 2068 ianua
1674 2043 1742 2068 seu

278 2085 419 2138 primus
448 2084 638 2136 ingressus
665 2085 716 2123 ad
744 2086 1032 2125 exocatacoelos.

369 2160 455 2197 ibid.
484 2157 589 2204 θύρα
621 2159 698 2195 τῶν
729 2155 1046 2208 ἕξωκατακοίλων]
1090 2174 1132 2198 eo
1157 2163 1249 2209 quod
1283 2163 1431 2198 officium
1468 2163 1616 2210 adeptus
1650 2161 1741 2197 inter

278 2206 425 2242 omnium
452 2217 627 2252 supremos
651 2211 686 2240 et
712 2203 781 2249 ἔξω
801 2209 875 2242 τῶν
901 2210 1131 2245 κατακοίλων
1153 2210 1295 2255 incipiat
1320 2209 1499 2245 numerari.
1545 2208 1741 2256 protecdico

277 2264 361 2287 vero
377 2252 524 2286 nondum
545 2254 665 2286 evecto
680 2252 837 2299 superius
852 2258 927 2289 erat
940 2255 1048 2289 adhuc
1064 2256 1316 2301 protonotarius
1340 2254 1444 2299 θύρα
1464 2255 1538 2290 τῶν
1559 2252 1600 2297 ἓξ
1625 2266 1742 2289 κατα-

275 2297 411 2334 κοίλωυ
433 2298 533 2332 ianua
557 2297 600 2331 ad
631 2308 804 2333 numerum
827 2310 887 2334 sex
912 2301 1041 2335 iliorum
1064 2302 1254 2347 patriarcha
1277 2302 1473 2338 inferiorum
1495 2299 1739 2346 attingendum.

275 2349 317 2379 at
332 2344 377 2378 de
391 2343 641 2379 exocatacoelis
656 2344 792 2378 uberius
808 2345 888 2380 alibi
911 2346 1096 2392 loquemur.
1144 2353 1198 2383 est
1213 2353 1248 2383 et
1271 2349 1446 2392 catalogus
1467 2348 1501 2382 in
1524 2346 1739 2390 Euchoiogio

276 2390 508 2436 protecdicum
539 2390 874 2443 exocatacoelorum,
913 2394 1148 2437 protonotario
1174 2394 1322 2437 reiecto,
1367 2403 1547 2428 recensens
1569 2392 1739 2426 ultimum:

276 2439 487 2518 ‹iiiffiiilerm
501 2435 591 2471 inter
616 2446 677 2471 eos
699 2435 782 2481 hta,
803 2448 941 2482 pacem,
966 2450 1067 2485 quam
1093 2439 1209 2485 citius,
1233 2452 1296 2487 pro
1316 2440 1413 2475 libito
1437 2438 1632 2486 patriarcha
1656 2449 1740 2472 con-

391 2552 493 2591 Hinc
528 2556 754 2592 evanescunt
795 2558 1004 2594 commenta
1037 2555 1156 2607 Iunii,
1193 2558 1257 2607 qui
1299 2558 1348 2596 de
1382 2559 1494 2595 ianua
1530 2567 1598 2593 seu
1635 2554 1739 2605 thyra

276 2608 397 2648 multa
441 2615 606 2661 nugatur
646 2623 691 2650 ex
740 2623 807 2650 mu
856 2624 934 2650 non
978 2613 1215 2652 Orientalium
1252 2615 1320 2652 sed
1358 2627 1439 2651 suo.
1494 2611 1548 2649 ait
1599 2606 1738 2663 θύραν

275 2678 344 2703 seu
387 2667 536 2706 ianuam
577 2667 672 2719 dici,
715 2670 870 2719 quisquis
911 2667 1051 2708 aditum
1094 2670 1146 2710 ad
1191 2673 1397 2722 superiorem
1436 2669 1600 2719 praebe&
1637 2679 1735 2718 quem

277 2721 431 2772 Latine,
470 2724 616 2774 inquit,
660 2736 738 2764 cum
765 2723 871 2764 Festo
915 2725 1141 2766 admissivum
1176 2732 1241 2766 aut
1281 2740 1359 2765 cum
1387 2725 1634 2764 recentioribus
1665 2722 1736 2761 ad-

278 2780 511 2819 mim‘onalem
545 2781 716 2819 commode
736 2785 1001 2834 nuncupaveris.
1057 2795 1135 2834 quo
1160 2781 1203 2823 fit
1225 2787 1268 2821 ut
1296 2795 1341 2821 ex
1365 2783 1602 2834 protonotario
1624 2779 1736 2818 faciat

276 2837 463 2877 ostiarium
497 2849 565 2877 seu
595 2837 793 2879 ianitorum
824 2840 1151 2881 exocatacoelorum.
1208 2840 1291 2890 quis
1322 2843 1447 2879 autem
1471 2849 1637 2890 unquam
1670 2848 1735 2875 au-
