1864 3164
292 154 390 204 304
499 157 777 205 GRETSERI
794 158 870 203 ET
885 157 1058 204 GOARI
1075 157 1515 205 COMMENTARIUS

401 265 585 306 Morosius
610 267 733 307 adhuc
761 267 1062 320 grammaticatur
1093 267 1191 307 idem
1226 267 1473 308 Casaubonus
1504 269 1553 308 de
1583 267 1731 310 nomine
1793 256 1801 286 ”

145 318 177 354 P
202 318 270 357 227
288 323 375 362 festi
398 323 555 362 Exercit.
579 338 609 362 c.
635 323 698 364 15.
754 325 991 376 epiphaniam
1019 324 1115 362 enim
1135 337 1201 362 seu
1215 324 1477 376 theophaniam
1491 326 1615 378 potius
1630 338 1730 364 com-

287 384 414 432 petere
441 380 627 418 nativitati
658 380 819 419 Christi:
854 384 944 419 tunc
973 381 1070 419 enim
1097 381 1209 419 etiam
1231 378 1384 434 ἐφάνη,
1421 382 1616 434 apparuit,
1650 394 1732 420 ma·-

286 437 380 474 xime
400 436 610 488 pastoribus
639 440 710 474 etc.
764 440 907 475 veteres
930 439 956 477 6
975 437 1133 475 Ianuarii
1156 437 1359 476 celebrasse
1386 438 1548 477 natalem
1579 438 1734 488 domini,

286 497 326 530 et
344 493 428 530 ideo
450 493 546 530 diem
566 491 668 530 illum
687 492 736 530 ob
765 496 894 532 natum
929 493 1064 532 scilicet
1102 493 1291 532 Christum
1325 493 1464 532 dictum
1495 493 1731 546 epiphaniam

281 562 349 587 seu
373 549 646 600 theophaniam.
702 552 742 586 et
760 550 883 587 adfert
909 549 1051 599 aliquot
1067 550 1298 601 testimonia,
1327 561 1485 599 quorum
1506 549 1647 588 nullum
1672 553 1732 588 est

283 606 334 643 ad
366 617 456 643 rem.
523 617 631 643 nemo
660 610 776 656 negat
807 605 1052 657 theophaniae
1081 618 1147 644 seu
1181 606 1403 657 epiphaniae
1444 606 1731 658 appellationem

283 661 395 698 etiam
425 661 609 699 nativitati
639 662 751 701 tribui
781 674 913 714 posse:
942 666 1032 700 tunc
1051 662 1147 699 enim
1170 663 1345 713 apparuit
1362 663 1531 700 dominus
1549 662 1646 699 inter
1663 661 1732 699 ho-

283 718 401 756 mines
424 721 463 755 et
482 721 652 769 pastores
671 719 721 757 ad
737 730 778 755 se
802 718 916 756 traxit
939 722 1007 758 etc.
1049 721 1087 756 et
1114 718 1152 755 in
1182 718 1296 756 missa
1324 717 1433 755 huius
1464 718 1551 756 festi
1576 717 1731 768 legitur:

284 776 451 824 apparuit
466 777 590 822 gratia
603 775 790 813 salvatoris
812 775 925 812 nostri
945 779 1013 813 etc.
1067 775 1135 811 sed
1157 774 1357 812 videndum
1372 774 1431 812 hic
1452 774 1543 823 quid
1560 786 1649 812 usus
1671 785 1734 811 ec·-

286 829 509 869 clesiasticus
533 831 651 877 ferat;
681 831 745 880 qui
767 834 826 868 est
844 834 882 868 et
899 831 969 868 suit
994 833 1035 867 ut
1051 829 1220 868 absolute
1237 830 1425 880 loquendo
1453 831 1532 868 dies
1551 833 1578 872 6
1598 829 1734 868 Ianua-

284 886 329 924 rii
352 886 534 923 diceretur
549 887 766 938 epiphania,
793 887 906 936 idque
926 890 1079 939 propter
1101 890 1177 925 tres
1201 899 1332 924 causas
1359 885 1463 924 initio
1492 887 1634 938 dictas,
1662 886 1734 924 etsi

287 941 349 980 alii
365 942 455 980 alias
481 955 611 980 causas
630 944 751 993 magis
776 943 1031 982 attendebant.
1086 946 1125 980 et
1149 943 1258 994 pauci
1280 946 1386 980 erant
1406 942 1469 992 qui
1489 941 1650 980 natalem
1665 943 1734 980 do-

287 998 377 1037 mini
403 999 630 1037 celebrarent
654 1000 714 1037 die
742 1002 768 1041 6
795 999 974 1047 Ianuarii3
1003 1002 1042 1036 et
1069 1000 1146 1036 fere
1171 999 1269 1036 intra
1289 998 1503 1050 Aegyptum
1525 999 1618 1037 haec
1645 1011 1734 1037 con-

288 1056 449 1093 suetudo
471 1055 788 1107 conscribebatur,
817 1059 860 1093 ut
883 1059 941 1093 est
963 1055 1065 1106 apud
1084 1055 1307 1092 Cassianum
1322 1055 1458 1093 Collat.
1477 1055 1530 1095 10
1552 1057 1590 1095 2.
1645 1067 1734 1107 pro-

288 1113 363 1151 fert
390 1111 634 1160 Casaubonus
661 1112 783 1150 locum
809 1124 853 1150 ex
879 1111 1045 1149 oratione
1070 1111 1327 1161 Chrysostomi
1352 1111 1392 1149 in
1414 1110 1576 1149 natalem
1596 1109 1735 1148 domini

289 1171 377 1206 tom.
402 1168 427 1209 5
445 1168 645 1206 Savilliano
665 1183 702 1220 p.
719 1168 797 1208 511
810 1195 823 1218 ,
852 1168 914 1205 ubi
936 1168 1025 1206 dicit
1050 1170 1116 1206 vix
1144 1168 1311 1206 decimum
1324 1179 1451 1206 annum
1469 1169 1553 1218 ogi,
1580 1179 1658 1205 cum
1678 1179 1736 1204 ec·

290 1224 417 1271 cles-ia,
445 1227 483 1262 in
505 1237 574 1274 qua
594 1225 684 1263 hanc
705 1227 893 1262 orationem
914 1223 1027 1272 dixit,
1056 1224 1190 1275 festum
1224 1223 1359 1262 natalis
1393 1223 1562 1261 celebrare
1588 1224 1736 1275 coeperit

287 1280 444 1330 diemque
462 1282 664 1319 nativitatis
681 1283 888 1329 cognoverit.
943 1281 1011 1317 sed
1037 1280 1156 1317 oratio
1184 1279 1274 1317 haec
1290 1291 1367 1317 non
1389 1283 1447 1317 est
1463 1278 1734 1329 chrysostomi.

287 1339 396 1388 patet
416 1334 456 1387 1)
478 1348 523 1373 ex
538 1335 658 1386 stylo,
683 1338 728 1385 2)
750 1336 838 1384 quia
858 1336 969 1387 Cpoli
989 1339 1075 1372 ante
1096 1336 1135 1373 S.
1156 1335 1463 1385 Chrysostomum
1483 1337 1619 1373 festum
1635 1335 1734 1373 nati-

286 1392 412 1430 vitatis
433 1392 632 1441 agebatur,
664 1395 708 1429 ut
738 1395 846 1442 patet
867 1403 913 1429 ex
936 1391 1103 1429 oratione
1127 1389 1357 1429 Nazianzeni
1378 1391 1416 1428 in
1434 1392 1587 1429 natalem
1604 1391 1738 1429 domini

287 1451 327 1486 et
351 1460 397 1486 ex
426 1447 498 1486 alia
521 1449 559 1486 in
578 1448 667 1486 diem
688 1448 867 1485 luminum.
922 1444 968 1499 3)
997 1447 1085 1496 quia
1111 1447 1192 1497 ipse
1209 1451 1338 1485 auctor
1360 1446 1467 1484 huius
1484 1447 1654 1485 homiliae
1677 1447 1736 1484 di-

287 1505 339 1543 cit
367 1504 529 1542 natalem
553 1504 776 1542 celebratum
807 1507 847 1541 et
872 1503 1062 1553 cognitum
1090 1502 1206 1541 fuisse
1233 1515 1257 1540 a
1277 1502 1438 1540 Thracia
1460 1515 1576 1552 usque
1595 1503 1737 1541 Gades.

286 1564 327 1598 at
357 1560 486 1611 Cpolis
506 1564 579 1598 -est
610 1561 649 1597 in
683 1559 855 1598 Thracia.
910 1571 1033 1608 neque
1065 1559 1137 1597 alia
1166 1559 1386 1610 epiphaniae
1414 1559 1487 1597 fuit
1508 1560 1604 1597 ratio
1625 1561 1652 1601 6
1675 1558 1738 1597 Ia-

287 1617 406 1654 nuarii
429 1629 539 1665 quam
558 1629 657 1654 nune
677 1617 747 1666 sit,
775 1616 846 1653 nisi
866 1616 967 1666 apud
987 1627 1126 1666 paucos
1145 1627 1286 1666 eosque
1316 1616 1394 1654 fere
1417 1614 1648 1668 Aegyptios,
1672 1614 1738 1669 qui

287 1673 450 1711 natalem
477 1673 614 1710 domini
635 1676 661 1714 6
682 1672 844 1710 Ianuarii
861 1672 1026 1710 obibant.

399 1729 622 1779 Appellatur
649 1730 780 1767 eadem
807 1728 1029 1780 epiphaniae
1060 1726 1261 1766 solennitas
1279 1725 1414 1778 festum
1443 1725 1628 1775 luminum,
1655 1728 1737 1764 tum

289 1785 337 1822 ob
355 1785 604 1836 baptismum,
633 1789 712 1823 tum
736 1785 822 1834 quia
845 1784 1047 1823 Christiani
1067 1785 1163 1822 diem
1192 1784 1291 1822 hunc
1313 1783 1474 1821 accensis
1499 1783 1613 1820 cereis
1642 1781 1738 1820 cele-

286 1842 396 1879 brare
417 1845 696 1879 consueverunt.
752 1842 806 1879 ita
821 1840 950 1878 Billius
970 1844 1096 1879 annot.
1128 1841 1177 1878 ad
1210 1843 1303 1879 orat.
1332 1841 1371 1877 in
1401 1840 1540 1877 Sancta
1564 1837 1738 1888 Lumina,

287 1903 328 1934 et
352 1898 534 1935 Batonius
559 1899 607 1935 ad
638 1897 880 1947 Martyrolog.
906 1896 1015 1935 Rom.
1037 1899 1062 1937 6
1081 1896 1160 1935 Ian.
1216 1897 1284 1934 sed
1304 1895 1445 1934 exstitit
1463 1896 1521 1933 cui
1539 1895 1632 1932 haec
1654 1894 1738 1944 opi-

287 1954 350 1990 nio
370 1953 527 1991 Billiana
552 1958 591 1991 et
617 1954 828 1991 Baroniana
854 1966 930 1991 non
956 1953 1119 2005 placeret
1142 1957 1320 2001 tanquam
1344 1951 1455 2001 longe
1481 1963 1503 1988 a
1529 1962 1617 1989 vero
1642 1950 1736 1987 avia.

289 2009 381 2058 quid
413 2013 471 2046 est
501 2022 590 2058 ergo
608 2011 743 2047 festum
763 2009 941 2047 luminum
957 2010 989 2045 si
1012 2021 1088 2045 non
1111 2007 1329 2058 epiphaniae
1346 2019 1411 2044 seu
1434 2006 1608 2057 baptismi
1627 2005 1738 2043 Chri-

287 2064 367 2102 sti?
420 2066 623 2115 respondet
641 2077 723 2102 esse
746 2066 882 2102 festum
902 2077 976 2112 quo
997 2063 1195 2113 quotannis
1219 2062 1419 2100 Christiani
1454 2062 1688 2114 baptismatis
1713 2073 1737 2100 a

288 2133 329 2159 se
350 2121 514 2171 suscepti
539 2122 751 2158 memoriam
770 2119 990 2157 recolebant.
1046 2119 1085 2156 id
1106 2119 1241 2170 probat
1267 2131 1312 2157 ex
1336 2119 1501 2156 oratione
1526 2119 1737 2168 quadrage-

287 2178 381 2215 sima
401 2177 654 2226 Nazianzeni,
683 2188 778 2225 quae
799 2179 856 2213 est
877 2176 915 2213 in
939 2188 1074 2213 sacrum
1101 2177 1328 2226 baptismum‚·
1354 2175 1417 2212 ubi
1445 2176 1483 2212 in
1510 2175 1592 2225 ipso
1608 2175 1736 2212 statim

287 2235 440 2272 exordio
474 2233 548 2271 ista
579 2233 771 2283 leguntur:
808 2232 883 2270 heri
910 2231 1124 2283 splendidum
1154 2231 1320 2269 luminum
1348 2231 1437 2270 diem
1467 2230 1737 2275 celebravimus,-

290 2291 440 2328 salutem
461 2291 550 2328 enim
581 2293 733 2328 nostram
767 2289 906 2326 laetitia
933 2290 1095 2338 prosequi
1125 2288 1364 2336 conveniebat,
1402 2301 1447 2325 ac
1469 2287 1577 2325 multo
1599 2286 1737 2338 quidem

289 2350 407 2397 magis
437 2359 540 2396 quam
568 2348 687 2384 carnis
717 2346 825 2382 amici
855 2345 927 2382 dies
961 2357 1015 2381 eos
1045 2346 1229 2394 quotannis
1251 2344 1423 2381 celebrant
1440 2343 1563 2394 quibus
1582 2343 1638 2380 vel
1659 2344 1740 2380 nati

291 2403 349 2441 vel
373 2403 591 2440 matrimonio
612 2403 726 2440 iuncti
753 2404 857 2448 sunt,
895 2399 948 2438 vel
970 2412 1086 2437 nomen
1107 2403 1334 2450 acceperunt,
1365 2399 1422 2438 vel
1450 2402 1539 2437 certe
1563 2400 1655 2437 inter
1673 2399 1737 2437 iu-

290 2472 391 2498 venes
412 2460 540 2497 censeri
557 2460 752 2509 coeperunt,
784 2456 838 2495 vel
861 2458 970 2494 iocum
995 2456 1144 2506 aliquem
1169 2458 1283 2506 primo
1305 2455 1540 2504 incoluerunt,
1566 2453 1623 2493 vel
1648 2467 1737 2505 qua-

291 2528 426 2566 cunque
455 2515 588 2553 demum
619 2515 695 2552 alia
729 2513 772 2551 de
796 2525 906 2550 causa
945 2512 1106 2550 mortales
1133 2512 1266 2564 festum
1289 2512 1379 2550 diem
1395 2516 1522 2562 agunt.
1576 2509 1674 2549 hodie
1695 2509 1738 2548 de

290 2573 462 2622 baptismo
484 2575 517 2608 et
542 2571 704 2621 beneficio
719 2570 799 2607 hinc
822 2571 960 2619 accepto
983 2569 1033 2606 ad
1056 2582 1117 2605 nos
1137 2571 1300 2606 manante
1317 2568 1530 2607 disseremus.
1583 2577 1630 2604 ex
1653 2566 1738 2614 qui-

290 2628 362 2665 bus
386 2628 507 2665 verbis
534 2627 674 2676 colligit
688 2626 819 2677 festum
848 2625 1015 2663 luminum
1039 2624 1128 2661 nihil
1159 2624 1259 2662 aliud
1283 2624 1397 2661 fuisse
1425 2635 1535 2671 quam
1561 2621 1737 2674 baptismi

289 2684 337 2722 ab
370 2695 596 2732 unoquoque
622 2682 785 2734 suscepti
819 2681 1207 2718 commemorationem.
1279 2681 1345 2718 sed
1387 2679 1614 2731 persuasioni
1652 2679 1738 2714 huic

293 2739 487 2778 manifeste
518 2741 645 2777 obstat
674 2740 712 2776 in
744 2738 869 2790 primis
904 2737 1060 2789 ipsemet
1080 2736 1363 2785 Nazianzenus,
1389 2735 1451 2784 qui
1471 2735 1606 2772 festum
1633 2733 1740 2771 lumi-

295 2808 383 2834 num
432 2800 560 2849 aperte
591 2796 758 2835 nominat
791 2795 928 2833 festum
959 2793 1195 2844 baptismatis
1229 2792 1368 2830 Christi
1407 2803 1473 2828 seu
1505 2790 1740 2842 epiphaniae,
