1864 3164
231 169 328 217 242
446 169 722 215 GRETSERI
744 171 816 213 ET
839 169 1015 213 GOARI
1039 169 1481 214 COMMENTARIUS

227 285 397 323 asecreta.
424 282 526 334 apud
555 280 798 320 Hincmarum
821 279 929 331 epist.
957 278 984 318 3
1005 292 1035 316 c.
1058 278 1111 320 16
1132 276 1247 319 habes
1265 280 1450 332 asecretis,
1482 279 1590 331 quod
1605 279 1692 319 olim

227 340 359 378 summi
377 339 580 378 cancellarii
596 351 732 376 nomen
750 338 864 376 fuisse
883 336 946 374 ait.
1141 344 1151 356 ‘

341 402 535 441 Addamus
554 407 593 440 et
612 403 683 441 hoc
699 406 852 454 propter
871 400 1141 451 cognationem.
1171 397 1416 454 σιλεντιᾶρης
1442 405 1483 440 et
1504 396 1692 443 σιλεντιᾰ-

229 475 316 513 ριος
335 460 463 498 crebro
483 463 680 498 occurrunt
697 460 736 496 in
760 459 987 496 Graecorum
1006 457 1128 507 libris,
1155 461 1197 494 ut
1215 462 1255 496 et
1294 458 1498 499 σιλέντιον.
1525 458 1692 510 duplices

228 516 363 555 statuit
396 516 650 566 Glossarium,
687 515 823 553 alteros
849 514 1029 564 minores,
1066 526 1222 563 quorum
1253 527 1387 551 munus
1414 514 1527 552 fuerit
1552 514 1692 566 populo

227 573 415 611 silentium
439 572 622 623 indicere,
660 575 699 609 et
722 575 766 609 ut
798 571 983 609 silentium
1009 574 1197 608 teneretur
1219 569 1353 608 sedulo
1379 583 1530 622 curare,
1554 570 1692 609 alteros

226 630 406 679 maiores,
436 629 575 679 quippe
603 632 816 666 senatores:
845 631 888 664 ut
915 627 1012 664 enim
1036 640 1060 665 a
1091 630 1218 664 secreto
1251 625 1470 664 dicebantur
1499 629 1694 674 secretarii,

227 687 281 722 sic
299 698 322 722 a
339 686 478 723 silentio
497 686 689 723 silentiar-ii
706 684 930 722 audiebant:
957 695 1044 720 nam
1066 683 1152 732 quia
1178 686 1369 720 senatores
1397 687 1543 722 secreta
1565 687 1693 732 tegere

228 741 418 779 debebant
442 744 482 778 et
499 741 607 779 silere
631 742 679 778 de
697 740 808 778 rebus
836 740 875 778 in
898 743 1033 777 senatu
1054 740 1169 788 actis,
1198 739 1282 777 ideo
1307 742 1490 778 secretarii
1518 743 1558 779 et
1583 740 1694 778 cilen-

227 799 333 835 tiarii
349 810 485 835 nomen
508 798 560 835 eis
589 797 782 844 adhaesit3
813 796 980 845 quamvis
1011 796 1187 833 silentium
1211 795 1404 833 dicebatur
1435 796 1548 834 etiam
1572 795 1693 834 oratio

228 866 343 903 quam
361 854 400 891 in
421 854 579 902 silentio,
608 854 680 891 hoc
701 857 760 891 est
779 853 817 890 in
842 855 998 902 senatu,
1026 852 1131 889 initio
1153 852 1460 901 quadragesimae
1490 853 1693 904 imperator

229 910 405 948 habebat.
462 910 631 947 Zonaras
666 908 831 948 Leonem
862 907 1123 960 philosophum
1155 908 1416 958 imperatorem
1453 909 1548 947 adeo
1580 907 1692 946 iliacis

230 966 420 1004 doloribus
440 970 614 1004 vexatum
631 979 713 1003 esse
736 967 998 1004 commemorat
1027 968 1071 1002 ut
1100 965 1306 1013 nequiverit
1335 964 1473 1002 habere
1496 965 1535 1003 in
1558 967 1694 1002 senatu

226 1021 320 1076 περὶ
339 1023 525 1075 νηστείας
547 1020 622 1075 τήν
643 1018 805 1074 συνήθη
826 1017 1024 1070 διάλεξιν,
1051 1017 1081 1073 ἢ
1094 1024 1268 1061 καλεῖται
1290 1020 1495 1062 σιλέντιον.
1551 1021 1694 1059 Cedre-

228 1091 319 1116 nus:
354 1080 549 1120 σιλεντίου
581 1077 799 1132 γενομένου
833 1080 1044 1127 congregato
1080 1080 1216 1114 senatu.
1273 1076 1439 1116 Miscella
1469 1077 1625 1116 historia
1653 1077 1693 1114 in

228 1134 375 1173 Leone·
404 1135 583 1173 silentium
612 1139 734 1173 contra
761 1137 904 1172 sanctas
927 1146 971 1172 ac
1002 1133 1212 1171 venerabiles
1240 1134 1427 1172 celebravit
1457 1135 1588 1173 iconas.
1625 1145 1694 1171 nec

229 1191 361 1229 Giaeci
386 1191 443 1228 his
462 1191 628 1228 contenti
648 1192 819 1228 fuerunt:
849 1190 960 1228 etiam
977 1200 1065 1226 suas
1084 1189 1123 1226 in
1142 1189 1291 1228 chartas
1313 1189 1586 1228 transtulerunt
1603 1189 1694 1228 haec

229 1259 330 1285 mere
360 1245 499 1285 Latina
525 1248 676 1284 nomina
709 1246 890 1296 σένατον,
928 1246 1006 1283 sive
1037 1247 1221 1296 σίνατον,
1260 1243 1458 1302 σενοῖτωρ,
1503 1242 1693 1300 σινάτωρ,

229 1299 426 1356 σηνάτωρ.
455 1303 541 1341 vide
561 1303 727 1342 Glossar.
757 1303 918 1341 Graeco-
919 1301 1032 1341 Barb.

342 1399 380 1436 p.
400 1387 454 1426 22
475 1398 508 1424 v.
531 1387 595 1427 19.
623 1385 775 1425 Retinui
797 1387 946 1425 nomina
966 1387 1101 1424 blateus
1123 1389 1162 1424 et
1191 1385 1329 1424 blatina
1355 1386 1409 1423 et·
1422 1386 1576 1437 trullae,
1605 1386 1694 1435 quia

229 1442 376 1493 aptiora
392 1454 469 1479 non
488 1443 750 1481 occurrebant:
779 1456 866 1481 nam
882 1455 979 1492 qnae
998 1442 1124 1480 Iunius
1144 1442 1267 1480 adfert
1286 1443 1430 1481 delum
1443 1446 1483 1480 et
1496 1443 1593 1490 lora,
1616 1454 1694 1480 non

229 1499 336 1535 unius
358 1499 451 1535 assis
469 1500 645 1546 aestim03
673 1500 768 1536 adeo
797 1503 887 1536 sunt
913 1498 1055 1536 frivola.
1112 1498 1280 1536 Codinus
1309 1499 1442 1537 trullae
1462 1498 1610 1536 nomine
1636 1498 1695 1536 in-

229 1554 363 1604 telligit
383 1554 468 1605 pilei
487 1567 669 1593 summam
686 1559 856 1606 partem,
886 1567 960 1605 qua
989 1555 1174 1593 clauditur
1196 1558 1235 1592 et
1262 1556 1369 1604 quasi
1395 1558 1694 1594 concameratur:

227 1615 287 1649 est
311 1611 409 1648 enim
435 1611 548 1650 trulla
574 1624 642 1648 seu
670 1612 802 1649 trullon
828 1624 896 1649 seu
924 1612 1048 1649 trullas
1076 1611 1197 1648 fornix
1220 1611 1298 1648 sive
1332 1611 1623 1660 concameratio,
1650 1613 1696 1648 ut

228 1670 338 1718 patet
373 1679 418 1704 ex
455 1667 604 1705 Codino
630 1667 656 1706 l.
692 1669 740 1705 de
777 1668 959 1718 Originib.
1007 1667 1238 1718 Cpolitanis‚
1281 1667 1345 1705 ubi
1385 1667 1465 1717 agit
1497 1667 1545 1704 de
1583 1666 1695 1704 trulla

224 1735 389 1771 magnae
408 1723 583 1762 ecclesiae
606 1728 821 1762 constructa
842 1737 865 1762 a
889 1724 1093 1761 Iustiniano
1117 1727 1156 1761 et
1179 1727 1354 1773 reparata
1380 1736 1406 1761 a
1427 1723 1582 1762 Iustino.
1609 1723 1696 1765 hinc

227 1779 340 1816 etiam
358 1781 525 1829 synodus
547 1780 728 1818 Trullana
742 1793 809 1818 seu
833 1780 870 1818 in
895 1780 932 1818 T
933 1780 1046 1830 rullo,
1075 1780 1164 1829 quia
1196 1779 1325 1818 habita
1347 1783 1407 1817 est
1433 1780 1483 1818 in·
1493 1779 1695 1817 secretario

228 1835 378 1885 palatii,
419 1838 521 1885 quod
555 1837 768 1887 trullatum,
807 1841 851 1874 ut
889 1838 943 1875 sic
977 1837 1122 1886 dicam,
1158 1847 1227 1874 seu
1267 1840 1562 1874 concameratum
1601 1838 1695 1873 erat.

228 1891 343 1929 v·e1bo
367 1895 685 1944 τρουλλοῦσθαι,
713 1906 783 1945 pro
809 1893 964 1935 trullam.
975 1894 1184 1943 aedficare,
1211 1892 1329 1929 utitur
1347 1892 1515 1929 Codinus
1532 1891 1555 1929 l.
1575 1905 1607 1930 c.

321 1971 483 2013 mumma
516 1973 588 2006 sive
618 1972 802 2015 τροῦλλαν
841 1975 876 2006 et
906 1972 1085 2016 τροῦλλον
1126 1975 1394 2006 concameratum
1427 1982 1522 2026 opus
1557 1972 1693 2006 referre

229 2015 347 2054 nullus
362 2016 507 2059 ignorat.
555 2029 628 2050 eam
653 2018 698 2051 ob
731 2029 802 2051 rem
838 2018 936 2061 pilei,
971 2029 1038 2061 qua
1077 2017 1245 2050 clauditur
1275 2022 1311 2051 et
1341 2017 1437 2061 quasi
1472 2028 1691 2051 concamera-

228 2066 307 2104 tur,
341 2073 406 2094 non
443 2062 540 2095 modo
576 2074 734 2096 summam
766 2069 895 2107 purtem
928 2063 1064 2104 vomita
1097 2062 1281 2105 significat,
1318 2063 1379 2096 sed
1413 2067 1519 2096 totum
1554 2063 1692 2108 pileum,

228 2107 286 2160 qui
311 2109 406 2140 totus
426 2108 581 2150 τροῦλοις
604 2107 701 2140 cuius
724 2107 983 2163 descriptionem
1009 2107 1089 2140 satis
1113 2107 1223 2151 ample
1248 2108 1418 2152 posuimus
1441 2108 1565 2153 capitis
1588 2119 1691 2163 supe-

228 2151 328 2185 rioris
351 2151 441 2185 notis
453 2153 578 2203 prima
611 2158 647 2186 et
679 2152 844 2191 secundm
884 2150 1024 2208 ἅήυῳιε
1046 2152 1080 2186 ἰιι
1115 2152 1263 2186 secunda
1296 2159 1523 2208 memoratus,
1556 2158 1610 2189 est
1634 2153 1691 2200 qui

229 2197 352 2231 dicitur
373 2198 409 2231 in
430 2189 605 2243 piaesenti
626 2194 746 2242 ἄκρον
767 2198 835 2232 τοῦ
857 2197 1048 2241 σκιαὸίου,
1067 2198 1178 2244 γῦρος
1199 2198 1264 2243 τῆς
1289 2196 1456 2244 τρούλης.

338 2286 377 2323 p.
398 2275 452 2314 23
474 2286 506 2311 v.
532 2274 594 2314 11.
616 2285 701 2322 sqq
728 2272 885 2311 Variant
913 2273 970 2311 hic
994 2273 1140 2310 codices
1167 2272 1291 2324 Boici‚
1315 2277 1357 2311 ut
1387 2274 1515 2312 notavi
1540 2273 1627 2312 olim
1653 2275 1692 2312 in

228 2329 327 2366 notis
347 2330 397 2368 ad
417 2329 613 2367 Codinum.
632 2330 700 2366 sed
723 2342 783 2367 res
817 2330 914 2367 tanti
937 2342 1014 2367 non
1039 2335 1118 2377 est3
1146 2330 1300 2380 vulgata
1318 2330 1426 2368 lectio
1448 2330 1568 2382 proba
1590 2330 1691 2372 mihi.

339 2426 377 2464 p.
401 2411 458 2455 24
475 2426 509 2451 v.
536 2415 570 2453 1.
608 2412 826 2462 riromasten]
860 2411 986 2449 Iunius
1015 2425 1090 2450 non
1117 2418 1218 2451 recte
1247 2413 1516 2465 interpretatur
1536 2414 1692 2465 ferream

226 2469 386 2518 clavam,
415 2473 459 2508 ut
492 2471 601 2521 patet
627 2481 672 2506 ex
701 2482 731 2506 c.
760 2470 814 2510 25
843 2468 1114 2519 Numerorum,
1142 2470 1204 2507 ubi
1231 2471 1416 2521 scriptura
1441 2471 1488 2508 de
1512 2470 1691 2508 Phinees:

226 2524 295 2564 καὶ
315 2523 450 2577 λαβων
471 2521 736 2578 σειρομᾶστην
759 2524 801 2566 ἐν
817 2527 885 2593 τῇ
913 2528 1011 2577 χειρί
1039 2530 1108 2563 etc.
1139 2526 1206 2566 καὶ
1228 2522 1490 2594 απεκέντησεν
1510 2522 1692 2578 ἆμφοτέ-

226 2596 344 2633 ρους,
373 2579 441 2622 τόν
468 2596 509 2622 τε
539 2579 763 2632 ἄνθρωπον
782 2578 852 2620 τόν
874 2578 1114 2633 Ἰσραηλίτην
1135 2581 1203 2622 καὶ
1226 2579 1301 2630 τήν
1325 2587 1495 2634 γυναῖκα
1524 2579 1591 2622 διὰ
1620 2585 1693 2634 τῆς

226 2652 378 2688 μητρας
398 2634 533 2685 αὐτῆς.
563 2651 637 2676 ιιοιι
657 2652 746 2688 ergo
767 2638 836 2674 suit
855 2637 980 2686 clavi,
1005 2641 1073 2676 sed
1098 2638 1154 2676 vel
1174 2638 1330 2676 iaculum
1359 2639 1416 2676 vel
1443 2639 1563 2677 hasta.
1605 2639 1690 2676 hinc

226 2693 363 2741 Aquila
382 2695 494 2732 vertit
517 2709 681 2739 κοντον,
712 2693 953 2744 Symmachus
975 2694 1086 2743 δόρυ.
1119 2695 1271 2744 vulgata
1298 2695 1431 2732 editio:
1460 2698 1598 2745 arrepto
1617 2708 1690 2744 pu..

224 2753 328 2798 gione
346 2750 508 2801 confodit
527 2751 654 2789 ambos.
686 2751 828 2788 notavit
848 2751 945 2788 hunc
969 2749 1057 2787 lunii
1078 2763 1237 2789 errorem
1259 2751 1444 2800 Rigaltius
1464 2751 1502 2787 in
1523 2750 1689 2789 Glossar.

224 2818 255 2843 v.
278 2807 487 2846 n‘romastes.
518 2809 618 2858 apud
640 2807 849 2846 Cedrenum
875 2820 912 2859 p.
945 2807 1028 2847 700
1061 2806 1140 2845 Leo
1173 2807 1393 2845 Melissenus
1420 2807 1588 2859 increpat
1616 2808 1690 2845 fra-
