1864 3164
273 169 372 217 408

321 277 448 323 duplici
470 277 657 323 eliguntur,
679 288 801 323 magna
823 282 859 313 et
879 289 987 324 parva

319 325 411 366 104,
436 327 489 360 19.
515 325 594 360 374.
619 324 711 358 litem
735 324 986 369 chartophylaci

322 369 367 403 (le
389 369 539 404 sessione
561 373 699 403 movent
716 370 794 405 120.
817 372 895 406 127.
910 369 986 416 epi-

320 415 433 460 scopis
465 415 546 450 solis
585 416 676 448 serre
709 414 788 449 licet
823 415 986 462 epigone-

321 460 394 494 tion
426 464 462 494 et
492 460 711 505 epimanicion
749 461 828 496 140.
865 466 986 506 aperto

321 506 436 551 capite
464 506 655 539 sacrificant
687 507 769 542 169.
798 506 984 542 antidotum

319 562 390 585 non
424 550 740 585 communicantibus
774 551 985 586 benedictio-

319 597 373 630 nis
403 596 516 640 gratia
555 596 760 631 distribuunt
793 597 985 643 populoque

318 643 408 676 bene
431 645 612 686 precantur
634 643 713 677 288.
739 643 820 678 365.
843 643 985 677 undula-

319 687 365 720 tis
391 686 501 730 palliis
534 686 644 720 induti
676 691 878 722 venerantur
901 689 982 733 imp.

321 733 410 774 105,
443 733 501 766 18.
533 733 615 767 380.
649 732 842 767 undulatam
869 745 984 768 eorum

317 776 502 812 sticharion
524 782 561 810 et
581 778 800 821 gammadium
818 779 894 814 166.
910 779 985 825 epi-

318 833 443 867 scopus
477 823 665 857 Heracleae
695 824 918 868 patriarcham
949 824 985 859 in

320 868 358 902 S.
384 868 532 912 Sophiae
555 875 735 903 consecrat
759 869 846 915 104,
873 871 927 905 17.

275 913 397 958 epulae
419 913 453 946 in
486 914 703 949 coronatione
732 915 813 961 imp.
842 915 984 961 nuptiis-

320 969 388 1003 que
416 958 592 1001 institutae
629 961 697 1003 97,
733 962 788 996 16.
826 962 894 1006 98,
927 963 982 997 12.

322 1006 380 1039 18.
397 1014 512 1038 earum
529 1004 612 1038 ritus
627 1006 712 1039 ibid.

273 1060 379 1094 eques
403 1060 514 1084 comes
539 1052 607 1091 29,
630 1050 664 1085 3.
692 1051 746 1086 19.

273 1105 378 1139 eques
401 1094 546 1140 despota
567 1107 634 1141 quo
657 1095 774 1130 habitu
791 1094 857 1139 14,
883 1097 939 1132 13.

272 1151 377 1184 eques
408 1139 488 1185 imp.
521 1145 555 1175 et
583 1140 688 1186 pedes
710 1143 777 1184 29,
800 1143 823 1177 2
844 1153 915 1186 sqq.
948 1144 985 1177 et

317 1196 474 1230 sponsam
489 1191 692 1232 excepturus
721 1189 807 1230 107,
838 1190 892 1223 11.

274 1230 443 1275 equestris
472 1230 549 1276 imp.
586 1232 696 1276 imago
731 1233 766 1266 in
797 1232 928 1276 clypeis
961 1235 984 1268 4

317 1286 492 1320 procerum
539 1277 604 1319 99,
643 1278 699 1312 13.
738 1277 773 1311 in
810 1278 983 1312 scaranico

316 1320 429 1364 magni
446 1321 619 1365 drungarii
633 1321 821 1365 vigiliarum
836 1325 900 1364 21,
927 1325 982 1358 19.

314 1365 351 1399 in
390 1366 576 1407 flammula,
615 1366 703 1411 quod
740 1378 880 1411 magnus
913 1367 981 1402 dux

319 1411 422 1454 erigit
451 1413 520 1453 28,
559 1412 610 1446 16.
643 1412 796 1458 itemque
820 1412 855 1446 in
886 1412 983 1447 flam-

317 1457 426 1496 mulo,
449 1455 540 1500 quod
563 1456 599 1490 in
620 1457 715 1501 vigil.
737 1457 844 1492 nativ.
867 1463 983 1501 gesta-

317 1507 375 1535 tur
399 1502 465 1542 48,
489 1504 521 1538 5.
539 1503 617 1536 283.
638 1502 717 1538 284.
733 1504 900 1547 equestris
919 1514 982 1548 ap·

316 1551 457 1592 paratus
481 1546 666 1592 despotae,
696 1548 983 1583 sebastocratoris

319 1593 384 1634 14,
412 1593 454 1628 13
480 1603 551 1636 sqq.
583 1593 663 1628 229.

273 1637 352 1682 equi
376 1637 582 1682 imperatorii
608 1637 644 1672 in
678 1638 894 1674 coronatione
924 1650 982 1673 or-

317 1687 418 1716 natus
439 1685 504 1726 97,
540 1685 593 1720 10.
625 1683 654 1718 is
676 1695 828 1726 magnam
853 1689 981 1729 partem

317 1728 444 1762 desitus
468 1729 551 1762 ibid.
580 1730 632 1764 15.
668 1730 746 1774 equi
769 1731 981 1775 patriarcha-

317 1774 360 1807 lis
373 1799 382 1814 ‚
406 1784 472 1818 quo
489 1776 530 1807 ad
547 1774 586 1808 S.
610 1775 760 1820 Sophiae
776 1787 979 1810 consecran-

317 1818 383 1853 dus
413 1819 567 1860 vehitur,
602 1821 839 1864 operimentum
865 1821 981 1855 candi-

315 1864 393 1898 dum
427 1866 514 1908 104,
545 1866 578 1900 5.
609 1876 715 1910 equus
752 1867 852 1900 etiam
875 1866 982 1911 patri-

315 1910 439 1942 archae
471 1910 616 1944 creando
657 1911 757 1946 datus
796 1923 818 1945 a
848 1913 980 1945 sultano

315 1953 465 1988 Turcico
499 1956 580 1991 372.
609 1957 685 2001 equi
719 1958 876 2001 sagmarii
908 1957 982 1991 sive

315 1999 464 2033 iumenta
487 2001 661 2035 clitellaria
684 2002 830 2036 Graecis
852 2008 887 2036 et
913 2003 980 2036 La-

316 2043 396 2077 tinis
428 2046 508 2081 252.
542 2047 620 2090 equi
655 2047 751 2080 vacui
789 2058 850 2081 seu
880 2047 981 2081 strati

315 2088 431 2132 parati
466 2094 544 2123 sunt
580 2092 775 2134 imperatori
820 2094 885 2135 29,
925 2094 979 2127 16.

313 2133 416 2167 :iidem
439 2145 537 2167 manu
569 2135 659 2169 ducti
689 2142 873 2180 sequuntur
894 2137 979 2171 ibid.

316 2180 372 2214 18.
396 2176 553 2221 στρώσια
593 2184 629 2214 et
658 2178 772 2223 συρτοέ
805 2181 828 2214 i.
862 2177 979 2224 ἄλογοι

315 2229 482 2259 vocantur
517 2226 595 2260 250.
640 2225 706 2271 ipsi
742 2226 841 2259 etiam
880 2226 979 2259 vacui

315 2268 457 2303 militum
480 2270 556 2314 equi
580 2270 709 2314 συρτοί
720 2270 875 2315 appellati
891 2271 976 2307 ibid.

316 2325 406 2394 {33⁰
437 2315 978 2395 3⁰³322¹331123³¹22330535⁰22

317 2404 375 2449 qui
393 2386 536 2450 'glaciem
560 2407 655 2451 potui
669 2406 900 2451 refrigerando
919 2418 978 2440 ve-

314 2450 399 2484 hunt
423 2453 507 2492 108,
534 2454 588 2487 12.
624 2451 676 2487 14.
710 2463 798 2496 equo
829 2452 978 2486 vertibili

315 2507 416 2540 poma
430 2497 463 2529 in
479 2508 622 2532 mensam
638 2497 717 2543 imp.
733 2503 768 2531 et
782 2497 855 2543 ipse
871 2508 978 2543 prope

315 2541 457 2585 laquear
478 2542 557 2587 imp.
584 2542 782 2577 subvehitur
803 2544 883 2579 301.

271 2587 448 2630 evangelia
487 2592 633 2632 quatuor
669 2588 827 2632 leguntur
863 2588 977 2633 primis

315 2643 456 2674 magnae
478 2633 707 2667 hebdomadae
739 2634 830 2667 feriis
853 2636 917 2675 70,
941 2636 975 2669 8.

315 2681 352 2709 et
383 2677 447 2710 hoc
487 2679 736 2722 evangeliorum
772 2679 975 2713 tetrabiblon

314 2722 976 2814 330222‘3532,¹510sz13¹22552⁰533

316 2822 473 2848 rasceues
491 2813 657 2860 leguntur,
681 2819 777 2850 tenet
797 2815 875 2862 imp.
893 2815 975 2850 lam·

858 173 1138 218 GRETSERI

1075 277 1194 325 pedem
1215 280 1258 316 71
1269 304 1282 324 ,
1306 280 1363 316 13.
1376 281 1457 317 319.
1474 280 1578 316 semel
1594 279 1630 314 in
1644 291 1733 315 auno

1074 330 1150 360 tota
1175 326 1370 370 'evangelia
1415 330 1494 361 sunt
1529 327 1619 360 lecta
1654 327 1734 361 319.

1074 371 1324 415 evangeliorum
1355 371 1462 406 codex
1486 371 1614 406 Christi
1643 372 1736 416 gerit

1074 417 1216 460 figuram
1239 417 1318 452 514.
1342 416 1492 452 defertur
1508 418 1543 451 in
1558 417 1734 452 ambonem

1071 462 1354 508 praecedentibus
1366 462 1533 508 deputatis
1550 473 1624 496 cum
1639 474 1733 497 man-

1073 507 1151 551 dyis
1165 513 1200 542 et
1213 507 1422 552 lampadibus
1439 510 1514 543 160.
1533 508 1612 542 161.
1628 519 1733 542 evan·

1073 553 1164 597 gelia
1198 564 1303 598 parva
1342 564 1366 588 a
1395 553 1527 589 feminis
1569 564 1613 588 ex
1645 553 1732 588 collo

1072 602 1207 643 gestata
1228 599 1308 634 319.

1028 644 1168 679 eunuchi
1189 643 1255 678 duo
1278 647 1468 679 sustentant
1489 643 1535 678 im
1649 642 1733 678 icem

1072 689 1252 723 creandam
1272 692 1339 732 91,
1368 691 1425 725 22.
1458 689 1575 723 iisdem
1603 689 1734 723 incum-

1071 735 1156 770 bens
1179 735 1408 780 Luitpraudus
1430 734 1476 770 ad
1498 734 1733 781 imperatorem

1072 780 1249 814 deducitur
1270 781 1351 817 302.

1029 825 1194 861 exarchus
1217 830 1270 860 est
1294 826 1426 870 legatus
1447 828 1507 860 aut
1521 825 1733 870 patriarchae

1071 870 1238 915 vicarius,
1274 870 1355 906 item
1394 871 1554 905 collector
1594 871 1733 905 subsidii

1072 916 1212 950 Tui-cici
1239 918 1316 952 157.
1333 916 1642 951 excommunicabat
1655 927 1732 950 reos

1073 966 1109 995 et
1153 961 1354 996 absolvebat
1396 962 1608 1006 poenitentes
1646 961 1731 995 ibid.

1074 1007 1250 1051 exarchus⁸
1256 1007 1356 1041 etiam
1368 1007 1585 1052 imperatoria
1595 1019 1655 1041 seu
1669 1018 1730 1053 pa-

1072 1051 1177 1086 latina
1211 1051 1276 1086 suit
1315 1052 1478 1096 dignitas,
1511 1052 1600 1086 unde
1629 1063 1739 1095 exat<

1074 1097 1214 1140 chatus,
1246 1097 1406 1132 exarchis
1446 1097 1523 1132 158.
1567 1098 1732 1132 exarchus

1073 1143 1301 1188 protopsaltes
1331 1142 1543 1187 imperatoris
1574 1144 1639 1188 94,
1674 1145 1732 1179 19.

1029 1188 1222 1222 excitatoris
1245 1187 1392 1222 officium
1421 1189 1499 1223 162.

1028 1234 1202 1268 excubitor
1239 1244 1300 1268 seu
1338 1244 1478 1280 praeses
1514 1233 1604 1268 sacri
1635 1233 1731 1268 cubi-

1071 1279 1151 1319 culi,
1173 1279 1264 1312 offic.
1289 1281 1344 1314 60.
1379 1279 1481 1323 palat.
1508 1280 1571 1319 11,
1597 1280 1652 1315 19.
1676 1279 1732 1314 in·

1070 1323 1179 1366 signia
1202 1325 1267 1364 26,
1294 1325 1349 1359 11.
1375 1324 1502 1358 functio
1527 1323 1591 1368 34,
1619 1326 1675 1359 11.

1027 1367 1242 1402 excursiones
1273 1368 1330 1413 qui
1360 1368 1488 1403 faciunt
1519 1372 1556 1403 et
1587 1368 1731 1414 praedas

1071 1417 1188 1457 agunt,
1208 1413 1429 1448 defenduntur
1444 1424 1465 1447 a
1484 1419 1731 1459 protostratore

1071 1459 1138 1499 32,
1163 1460 1218 1493 11.
1241 1469 1304 1493 nec
1328 1459 1530 1494 flammulam
1545 1469 1655 1505 neque
1669 1470 1730 1494 or-

1070 1503 1180 1538 dinem
1203 1503 1330 1538 habent
1350 1505 1434 1539 ibid.
1461 1507 1514 1540 12.

1027 1549 1234 1583 exercituum
1256 1549 1359 1584 duces
1382 1561 1444 1595 pro
1457 1548 1645 1595 insignibus
1658 1553 1729 1585 tor-

1071 1605 1154 1639 ques
1176 1596 1355 1638 gestabant
1379 1596 1444 1637 54,
1470 1597 1524 1631 10.

1026 1640 1255 1674 exocatacoeli
1288 1641 1455 1675 adeuntur
1487 1652 1550 1686 per
1568 1644 1731 1685 protono-

1071 1685 1212 1727 tarium,
1241 1685 1368 1720 habent
1421 1686 1552 1732 roprias
1574 1685 1730 1720 ecclesias

1071 1732 1139 1774 66,
1171 1732 1205 1766 5.
1238 1733 1314 1766 119.
1343 1742 1383 1765 or
1405 1731 1506 1766 inatis
1535 1731 1595 1765 dat
1623 1731 1732 1776 patri-

1070 1777 1174 1809 archa
1194 1780 1394 1820 potestatem
1424 1777 1580 1820 gestandi
1613 1777 1730 1820 phelo-

1069 1832 1146 1855 nem
1163 1823 1218 1861 66,
1230 1823 1334 1856 mex
1353 1821 1405 1856 his
1422 1822 1466 1856 ab
1485 1822 1564 1867 imp.
1574 1821 1732 1866 designa-

1070 1874 1126 1900 tur
1155 1867 1406 1901 archidiaconus
1440 1868 1524 1903 ibid.
1562 1869 1614 1902 16.
1643 1878 1731 1912 quo-

1070 1912 1168 1946 modo
1191 1923 1258 1946 vox
1273 1912 1450 1947 scribenda
1467 1915 1586 1946 contra
1602 1913 1730 1946 [unium

1072 1959 1149 1992 118.
1173 1968 1262 2001 quae
1283 1957 1375 1991 notio
1397 1957 1535 1992 nominis
1558 1958 1641 1991 ibid.
1665 1968 1728 2002 pro

1070 2002 1188 2035 iisdem
1223 2003 1387 2046 quaedam
1426 2003 1617 2036 coniectura
1650 2003 1728 2037 119.

1069 2047 1299 2080 exocatacoeli
1333 2047 1576 2092 patriarchales
1596 2047 1731 2081 diaconi

1070 2093 1216 2132 fuerunt,
1233 2092 1308 2125 olim
1325 2092 1424 2126 etiam
1441 2093 1633 2127 sacerdotes
1650 2094 1729 2128 120.

1069 2147 1191 2180 magna
1207 2138 1401 2180 auctoritas,
1410 2137 1528 2172 sedent
1543 2138 1577 2171 in
1595 2138 1726 2183 synodo

1069 2193 1142 2215 cum
1189 2182 1382 2227 patriarcha
1429 2183 1512 2220 ibid.
1556 2183 1598 2218 lis
1634 2188 1727 2218 mota

1066 2226 1168 2271 ipsiS‚
1191 2228 1280 2271 quod
1315 2228 1480 2282 episcopis
1501 2229 1650 2262 sessione
1670 2231 1726 2263 fo-

1066 2276 1145 2306 rent
1167 2273 1318 2317 priores,
1341 2285 1401 2318 pro
1425 2273 1508 2318 ipsis
1526 2274 1726 2319 rescriptum

1066 2318 1149 2351 ibid.
1175 2318 1270 2363 quasi
1303 2318 1492 2353 cardinales
1523 2319 1661 2353 fuerunt
1688 2319 1725 2354 in

1069 2363 1213 2397 ecclesia
1237 2365 1374 2397 Graeca
1398 2366 1472 2399 128.

1021 2409 1269 2442 exsecrationes
1293 2414 1327 2442 et
1344 2408 1598 2454 imprecationes
1619 2419 1725 2453 syno-

1066 2453 1161 2487 dicae
1186 2454 1219 2488 in
1242 2455 1402 2499 quosdam
1432 2454 1620 2488 haereticos
1643 2456 1723 2489 281.

1066 2503 1202 2533 senatus
1225 2500 1258 2533 in
1281 2500 1360 2544 imp.
1385 2499 1599 2533 Commodum
1622 2501 1699 2534 280.

1067 2544 1199 2579 ceribus
1230 2545 1379 2579 inclusae
1412 2549 1572 2579 vetantur
1608 2545 1723 2589 egredi

1019 2634 1133 2668 famuli
1164 2635 1370 2680 imperatorii
1405 2636 1562 2669 auferunt
1592 2634 1722 2668 fercula

1065 2680 1131 2721 53,
1161 2682 1196 2715 3.
1232 2681 1264 2712 in
1297 2692 1355 2714 eos
1388 2680 1430 2713 fit
1462 2679 1723 2726 epicombiorum

1064 2726 1194 2768 sparsio
1218 2726 1298 2761 355.

1018 2770 1144 2804 fasciae
1180 2770 1385 2815 sepulcrales
1419 2771 1454 2804 b.
1484 2770 1570 2812 virg.
1604 2768 1724 2812 capitis

1066 2817 1242 2850 amiculum
1266 2816 1301 2849 in
1323 2814 1519 2850 Blachernis
1535 2825 1556 2849 a
1577 2814 1614 2848 S.
1639 2814 1722 2849 Pul-
