1864 3164
282 144 379 191 376
492 143 767 194 GRETSERI
786 144 857 187 ET
878 140 1054 187 GOARI
1073 141 1512 187 COMMENTARIUS

279 254 396 297 specto
427 263 494 286 non
517 250 638 296 exigua
669 249 776 284 oritur
805 247 1012 292 difficultas,
1042 250 1220 293 quotorum
1250 247 1308 283 vel
1336 247 1482 294 qualium
1510 247 1556 283 sit
1587 248 1656 284 dux
1687 259 1731 284 ac

279 302 392 332 rector
408 297 680 332 archimandrites
691 322 702 338 ,
724 307 767 330 an
783 294 923 339 plurium
940 294 998 327 vel
1015 304 1196 339 paucorum
1213 294 1449 328 monachorum
1468 294 1522 338 (hi
1537 294 1624 328 enim
1641 299 1731 336 sunt,

278 343 336 387 qui
359 347 506 377 testante
530 343 654 376 Basilio
675 337 715 375 ἐν
745 336 844 383 ὄρεσι
866 338 931 373 καὶ
953 335 1063 379 ὀπαῖς
1085 339 1151 384 τῆς
1172 339 1238 384 γῆς
1259 339 1451 384 habitant),
1477 351 1519 374 an
1542 340 1642 374 unius
1664 339 1731 374 ab·

279 389 340 422 bas
364 388 420 422 vel
450 388 629 422 multorum
655 385 928 420 monasteriorum
958 385 1004 418 sit
1033 386 1241 430 gubernator
1269 395 1462 430 supremus,
1493 385 1589 420 velut
1616 386 1647 420 is
1671 383 1731 429 qui

278 433 373 468 nobis
397 433 610 480 provincialis
634 431 757 465 dicitur
779 435 838 465 aut
861 429 1043 476 generalis.
1066 442 1164 476 quam
1189 434 1318 476 partem
1340 430 1508 473 tenueris,
1531 430 1655 465 nullum
1677 430 1730 464 in-

279 490 393 513 curres
417 477 624 524 deceptionis
645 476 849 522 periculum=
881 476 977 510 unius
1001 475 1088 510 enim
1112 476 1312 522 quandoque
1335 477 1561 522 superiorem,
1586 476 1731 521 plurium

278 524 379 559 etiam
403 534 634 568 nonnunquam
660 522 829 566 signifieat
850 522 1124 556 monasteriorum
1146 522 1345 568 praesidem.
1375 521 1472 568 primi
1494 531 1613 556 sensus
1635 520 1730 555 allati

276 574 506 615 argumentum
533 572 583 602 est
603 568 803 612 Eutychetis
829 567 1031 612 appellatio,
1061 577 1148 613 quae
1171 567 1206 601 in
1231 566 1371 605 concilio
1397 566 1663 602 Chalcedonensi
1693 570 1732 600 et

276 616 364 660 apud
396 615 636 660 Theophanem
661 613 939 647 archimandritae
967 617 1040 652 est,
1072 613 1163 658 apud
1185 612 1401 647 Theodorum
1426 612 1660 658 presbyterum
1686 611 1732 646 de

277 663 413 695 Incarn.
448 659 572 694 domini
603 659 670 695 τοῦ
701 655 926 704 ἡγουμένους
959 654 980 693 ὁ
1006 654 1173 704 Εὖτυχὴς
1195 654 1236 698 ὃς
1255 651 1304 703 ἦν
1325 654 1526 703 ἡγούμενος
1547 667 1730 702 μοναστη-

277 706 359 750 ρίου
384 701 489 749 ἑνός,
517 704 638 750 inquit.
662 704 750 739 idem
774 708 828 739 est
853 703 959 749 igitur
984 701 1269 750 ἄρχιμανδρίτης
1297 704 1354 748 qui
1381 700 1605 748 ἡγούμενος,
1629 701 1733 737 unius

277 753 381 786 solius
407 751 604 785 monasterii
631 751 757 794 abbas,
779 754 903 795 pater,
925 751 1080 794 superior
1113 761 1154 784 ac
1174 751 1307 784 Rector.
1348 748 1496 784 secundo
1522 751 1732 783 tamensen-

278 797 330 831 sui
346 808 412 830 non
427 796 524 832 deest
547 795 721 841 multiplex
748 795 924 841 probatio,
946 795 1073 841 prima,
1096 794 1183 840 quod
1207 793 1334 840 privati
1361 793 1556 829 monasterii
1578 793 1732 839 superior

277 854 343 876 non
360 841 508 888 patiatur
535 842 578 875 ob
601 841 755 876 humilem
777 840 872 875 nimis
897 846 1019 875 statum
1041 853 1080 875 se
1101 837 1390 885 ἄρχιμανὸρίτην
1409 842 1546 882 vocari3
1571 838 1734 881 secunda,

277 887 365 932 quod
389 898 461 921 eam
485 892 614 921 tantum
643 886 831 921 sustineant
851 886 1108 940 appellationem
1133 886 1191 931 qui
1215 887 1313 930 plura
1334 889 1457 930 regunt
1478 885 1552 920 iure
1575 894 1732 931 supremo

276 932 478 967 monasteria
489 958 499 977 ,
525 933 579 966 vel
594 932 649 977 qui
665 932 782 966 saltem
798 931 914 966 maiori
929 937 1090 976 praesunt
1111 930 1313 965 monasterio
1329 931 1383 964 cui
1398 931 1497 977 plura
1511 930 1733 966 subiiciuntur

276 975 466 1023 μετόχεια,
498 978 592 1011 velut
615 977 761 1022 antiquis
786 977 912 1012 nostris
934 977 1082 1011 abbatiis
1107 976 1250 1011 minores
1273 975 1466 1021 prioratu„
1495 975 1620 1018 tertia,
1643 973 1734 1020 quod

277 1025 311 1057 in
336 1027 432 1057 textu
454 1035 553 1068 quem
583 1023 813 1057 elucubramus
846 1022 1046 1068 interposita
1068 1022 1157 1056 inter
1179 1019 1464 1067 ἄρχιμανὸρίτας
1487 1023 1523 1055 et
1544 1021 1735 1064 καθηγου·

274 1067 408 1113 μένους
439 1066 767 1113 πρωτοσυγκέλλων
806 1068 971 1112 dignitate
1006 1068 1049 1102 ab
1080 1067 1223 1101 invicem
1255 1066 1448 1111 longissIme
1478 1066 1619 1100 differre
1643 1076 1736 1099 com-

276 1120 523 1155 monstrantur,
546 1114 612 1148 imo
637 1114 807 1160 particula
832 1124 1046 1158 exaggerans
1069 1108 1163 1147 ἄλλοί
1185 1123 1241 1147 res
1261 1113 1392 1147 omnino
1414 1111 1567 1146 diversas
1583 1110 1736 1145 indicare

277 1161 436 1195 declarat.
467 1159 589 1193 transit
602 1159 636 1192 in
663 1159 811 1194 auctoris
827 1159 935 1193 nostri
958 1162 1103 1192 mentem
1123 1157 1340 1193 illustrissimi
1365 1155 1530 1204 praesulis
1547 1155 1736 1191 Vabrensis

278 1216 362 1250 opus
383 1217 466 1239 vere
489 1205 695 1250 pontificium
722 1217 763 1239 eo
787 1204 854 1238 loci
875 1215 942 1249 quo
966 1204 1034 1238 τοῦ
1064 1199 1352 1248 α’ρχιμανὸρίτου
1387 1200 1451 1237 καὶ
1478 1202 1547 1237 τοῦ
1577 1197 1735 1246 ἐξάρχου

277 1250 340 1284 καὶ
366 1251 432 1284 τοῦ
462 1247 669 1294 ἡγουμένου
692 1247 894 1295 πρόβλησιν
916 1250 975 1283 dat
998 1249 1234 1294 spectandam,
1264 1253 1359 1283 certe
1385 1259 1452 1282 non
1477 1251 1518 1282 ut
1550 1247 1648 1281 unius
1673 1245 1735 1280 sed

276 1301 316 1330 ut
336 1296 498 1341 plurium,
523 1306 663 1339 quorum
687 1301 725 1329 ut
750 1307 816 1329 una
842 1305 908 1329 non
933 1299 986 1329 est
1008 1294 1208 1340 appellatio,
1231 1294 1280 1328 ita
1303 1305 1366 1328 nec
1391 1304 1491 1327 unum
1513 1292 1660 1327 officium
1678 1292 1736 1325 su-

276 1342 346 1376 isse
367 1345 494 1374 temere
506 1341 698 1396 ‚putandum
730 1345 794 1374 est.
826 1345 997 1374 caeterum
1022 1351 1123 1385 quem
1150 1340 1408 1374 Cantacuzenus
1434 1341 1452 1374 1
1477 1339 1524 1373 32
1542 1342 1579 1374 et
1602 1338 1649 1372 33
1669 1333 1736 1371 τὸν

277 1387 346 1420 τοῦ
370 1383 478 1430 ἁγίου
501 1398 612 1429 ορους
634 1386 781 1428 πρῶτον
805 1386 896 1420 sacri
918 1387 1063 1430 montis,
1092 1385 1149 1419 ubi
1177 1385 1274 1430 plura
1298 1382 1495 1418 monasteria
1516 1383 1672 1417 visuntur
1699 1385 1736 1416 et

277 1431 319 1464 ad
344 1437 491 1476 quatuor
513 1432 603 1477 milia
625 1432 859 1465 monachorum
885 1430 1037 1474 degunt,
1065 1434 1280 1475 praefectum
1302 1434 1425 1472 vocat,
1445 1428 1543 1463 alium
1570 1438 1646 1462 esse
1668 1437 1736 1462 uon

277 1487 358 1511 reor
383 1477 426 1511 ab
452 1488 510 1519 eo,
535 1476 578 1511 de
595 1487 663 1522 quo
686 1487 814 1519 sermo,
837 1475 1104 1511 archimandrite.

388 1553 437 1592 ib.
462 1565 496 1590 v.
522 1552 585 1593 13.
626 1554 806 1590 memorat
839 1550 899 1589 hic
919 1550 1151 1602 Curopalata
1175 1549 1458 1602 protosyncellos.
1488 1547 1616 1587 Iunius
1644 1547 1736 1599 legit

272 1609 543 1660 protosyngelos.
599 1620 669 1646 vox
684 1610 892 1660 composita,
924 1607 1068 1658 inquit,
1102 1620 1145 1645 ex
1163 1608 1320 1660 πρῶτος
1337 1609 1376 1643 et
1396 1602 1607 1659 σύγγελος,
1645 1603 1738 1656 quod

276 1678 398 1708 nomen
426 1669 477 1702 est
501 1677 565 1716 per
591 1677 760 1715 syncopen
783 1664 915 1703 dictum
929 1677 992 1714 pro
1012 1658 1273 1716 συνάγγελος,
1298 1661 1338 1701 id
1357 1665 1430 1712 est,
1449 1665 1490 1700 ut
1503 1661 1602 1700 hodie
1620 1663 1736 1711 mgis

277 1725 452 1772 receptum
479 1725 551 1769 est,
589 1720 779 1758 coenobita.
834 1720 895 1758 sed
919 1721 958 1757 in
989 1721 1038 1757 eis
1069 1719 1236 1757 coenobiis
1255 1717 1551 1757 archimandritae
1569 1721 1652 1756 sunt
1671 1717 1737 1756 ab-

277 1778 374 1815 bate-s
388 1790 447 1815 seu
463 1781 608 1827 patrea,
626 1775 866 1827 protosyngeli
881 1788 961 1814 vero
983 1789 1076 1814 senes
1091 1778 1229 1826 quique.
1286 1774 1318 1811 si
1339 1774 1618 1825 protosyn'cellus
1638 1773 1738 1811 idem

277 1837 335 1870 est
365 1833 468 1882 quod
492 1831 713 1882 coenobita,
751 1836 842 1869 tunc
862 1831 981 1870 omnis
1004 1832 1206 1870 monachus
1232 1843 1314 1868 cum
1336 1830 1415 1868 aliis
1439 1830 1479 1867 in
1510 1829 1738 1868 monasterio

134 1895 161 1927 P
185 1894 254 1930 262
278 1890 419 1939 degens
445 1889 515 1926 erit
548 1887 870 1938 protosyncellm,
900 1888 987 1936 quia
1010 1888 1128 1926 omnis
1146 1887 1229 1925 talis
1243 1886 1516 1925 monachus'est
1530 1885 1738 1924 coenobita.

277 1949 318 1982 at
345 1945 416 1982 hoc
441 1945 650 1982 inauditum
673 1948 741 1982 est.
801 1945 935 1981 deinde
961 1945 993 1980 si
1014 1943 1278 1995 protosyncelli
1306 1945 1396 1980 sunt
1413 1954 1522 1979 senes
1541 1941 1678 1990 quique
1698 1941 1738 1978 in

275 2014 345 2038 suo
361 2001 511 2049 ordine,
546 2001 596 2037 ad
632 2001 723 2048 quid
751 2013 846 2050 opus
874 1999 1015 2037 habent
1039 2000 1191 2050 propria
1212 1998 1443 2035 ordinatione
1460 2001 1499 2034 et
1517 1996 1738 2046 chhotonia,

277 2060 321 2094 nt
342 2055 678 2099 archimandritae?
706 2068 792 2092 nam
817 2060 859 2092 ut
890 2055 972 2104 quis
1009 2055 1059 2092 sit
1086 2067 1198 2092 senex
1218 2057 1283 2091 aut
1305 2053 1429 2090 senior
1445 2053 1485 2090 in
1506 2066 1576 2091 suo
1595 2053 1737 2102 ordine,

276 2113 316 2149 id
349 2125 427 2150 non
446 2112 602 2161 largitur
622 2111 752 2148 electio
778 2115 816 2148 et
836 2110 1062 2148 consecratio
1088 2111 1156 2147 sed
1177 2114 1326 2160 tempus
1345 2113 1384 2147 et
1403 2112 1519 2147 aetas.

392 2168 485 2212 Quis
517 2167 632 2217 igitur
656 2166 929 2217 protosyncellus
963 2169 1001 2203 et
1027 2165 1182 2217 simplex
1211 2164 1410 2216 syncellus?
1447 2165 1535 2203 olim
1552 2162 1736 2214 syncellus

279 2222 537 2274 appellabatur
567 2223 599 2260 is
630 2223 694 2271 qui
723 2225 871 2259 mortuo
895 2222 1126 2273 patriarchae
1147 2234 1383 2259 successurus
1405 2225 1495 2259 erat.
1523 2225 1641 2258 testes
1662 2219 1738 2257 Zo-

280 2292 391 2317 naras
422 2284 461 2318 et
484 2279 675 2316 Cedrenus
700 2278 739 2315 in
768 2277 921 2328 imperio
944 2278 1182 2317 Constantini
1212 2277 1474 2328 Monomachi,
1504 2289 1660 2326 quorum
1677 2275 1738 2312 ille

280 2336 468 2387 explicans
497 2336 668 2385 quisnam
701 2334 804 2385 apud
833 2335 1038 2373 Saracenos
1070 2335 1251 2373 diceretur
1275 2334 1444 2385 seriphus
1474 2346 1540 2371 seu
1558 2331 1738 2383 seripheS,

280 2393 335 2430 ita
360 2393 507 2430 scribit:
543 2386 661 2438 οὗτος
691 2386 725 2431 δ’
752 2388 833 2430 ἐστὶ
851 2387 942 2444 παρ’
975 2388 1108 2439 αὐτοῖς
1141 2388 1239 2443 ὅπερ
1272 2387 1362 2442 παρ’
1391 2389 1491 2442 ἡμῖν
1522 2385 1647 2429 πάλαι
1683 2381 1738 2439 ἦν

283 2446 307 2488 ὅ
330 2447 541 2500 λεγόμενος
560 2443 783 2501 σύγκελλος.
841 2445 895 2494 ὦς
921 2444 996 2499 γάρ
1028 2445 1049 2487 ὁ
1071 2443 1281 2500 σ-ύγκελλος
1308 2449 1380 2486 τοῦ
1403 2442 1644 2497 πατριάρχου
1662 2447 1738 2484 θα-

283 2499 427 2551 νόντος
451 2505 506 2552 εἰς
530 2500 601 2544 τόν
622 2502 778 2543 ἐκείνου
805 2501 927 2544 τόπον
953 2499 1283 2552 ἀντικαθίστατο,
1313 2499 1417 2543 οὕτω
1444 2500 1511 2541 καὶ
1531 2499 1556 2541 ὅ
1573 2499 1738 2552 σερίφης

284 2562 360 2599 τοῦ
392 2563 556 2609 Χαλιφᾶ
585 2558 811 2610 φθαρέντος
837 2556 909 2599 τόν
937 2556 1220 2609 τελευτήσαντα
1249 2557 1476 2609 διαδέχεται.
1511 2557 1641 2595 eadem
1665 2555 1739 2592 Ce-

284 2617 431 2653 drenus.
458 2617 521 2653 ubi
543 2617 710 2654 notanda
725 2628 798 2653 vox
815 2611 957 2660 πάλαι,
983 2627 1059 2663 qua
1076 2617 1286 2665 significant
1310 2615 1395 2652 olim
1416 2614 1564 2663 quidem
1583 2613 1652 2649 hac
1669 2623 1737 2647 no-

283 2671 384 2708 tione
417 2685 550 2710 nomen
589 2672 659 2709 hoc
693 2671 870 2709 usitatum
900 2672 1038 2721 fuisse,
1067 2676 1201 2722 postea
1230 2672 1392 2709 desiisse.
1429 2670 1482 2707 sic
1517 2666 1738 2706 Anastasius

286 2727 460 2764 Germani
481 2728 712 2778 patriarchae
741 2727 922 2777 syncellus
955 2728 1043 2777 suit,
1073 2728 1231 2765 Cedren.
1261 2729 1299 2765 in
1325 2728 1414 2778 imp.
1441 2724 1578 2772 Leonis
1606 2722 1737 2760 leono-

280 2784 399 2822 machi
421 2798 457 2834 p.
488 2782 580 2825 456.
610 2784 792 2834 syncellus
816 2785 903 2822 item
936 2785 1006 2822 fuit
1033 2785 1247 2836 Stephanus
1277 2785 1392 2822 frater
1414 2781 1550 2820 Leonis
1579 2779 1738 2831 impera-
