1832 3178
269 169 331 217 16
687 173 883 218 CODINI
917 173 1307 218 GUROPALATAE

264 288 450 341 ζητεῖται.
518 286 561 331 αἶ
580 283 746 340 κάλτζαι
763 289 830 330 καὶ
849 287 901 331 τὰ
919 284 1163 344 ὑποδήματα
1180 287 1364 347 ἧεράνεα.
1429 289 1580 346 ὅμοίως
1604 294 1672 335 καὶ
1698 291 1725 349 ἦ

264 355 386 398 σε’λλα
414 353 465 398 τά
497 373 540 398 τε
567 361 642 398 τοῦ
668 357 923 413 κοπριτοριόυ
954 358 1021 399 καὶ
1054 361 1128 401 τοῦ
1153 358 1450 403 ἓπανωσκεπίου
1471 362 1538 402 καὶ
1561 359 1587 416 ἣ
1608 362 1724 404 τέντα

211 432 243 467 D
267 423 392 466 αὐτοῦ
409 423 532 477 ὃμοια
553 422 620 466 οἶα
641 427 708 467 καὶ
730 423 755 480 ἦ
774 429 849 467 τοῦ
869 424 1261 484 σεβαστοκράτορος,
1285 418 1390 482 μετὰ
1402 431 1582 486 χαρτίων
1599 429 1723 487 ἢερα-

264 492 364 534 νέων
394 491 488 534 ἄνευ
524 494 663 536 ἀετῶν.
731 491 881 545 πεζεύει
902 493 952 549 δὴ
974 495 1040 536 καὶ
1062 489 1179 546 οὗτος
1201 497 1312 547 ἐντὸς
1335 501 1408 552 τῆς
1428 502 1501 540 τοῦ
1524 499 1722 542 παλατῖου

263 561 392 616 αὐλῆς
414 562 581 614 πλησίον
604 555 652 603 οὗ
672 559 693 603 ὅ
712 561 1047 620 σεβαστοκράτωρ
1068 561 1231 616 πεζεύει.
1412 569 1414 571 ’
1732 579 1754 614 5

402 629 486 671 Τὸν
522 629 657 683 μέντοι
695 628 893 686 δεσπότην
925 630 1156 688 ἔμπροσθεν
1191 637 1264 675 τοῦ
1301 632 1502 687 βασιλέως
1533 637 1724 677 καλοῦσιν

265 695 394 747 οὕτως
415 695 571 749 ἁπλῶς,
609 697 782 742 aganoni
797 716 901 754 μου,
943 701 1009 742 καὶ
1029 698 1054 754 ἡ
1075 702 1262 754 βασιλεία
1285 718 1375 744 σου.
1441 702 1513 744 τὸν
1533 703 1578 744 δὲ
1598 707 1724 757 σεβα·

261 763 540 822 στοκράτορα,
575 766 751 809 δέσποτά
780 785 861 822 μου
893 766 1243 827 σεβαστόκρατορ,
1276 772 1344 813 καὶ
1372 767 1399 825 ἦ
1425 771 1614 824 βασιλεία
1635 787 1726 815 σου.

260 832 331 875 τὸν
359 835 553 891 Καίσαρα
581 837 648 877 καὶ
679 839 834 888 τοῦτον,
869 835 1042 879 δέσποτά
1067 854 1149 892 μου
1177 840 1367 898 Καῖσαρ,
1400 841 1469 881 καὶ
1491 837 1724 894 ἧβασιλεία

260 918 350 954 σου,
386 901 520 960 ὥσπερ
541 905 608 945 καὶ
625 903 694 947 τὸν
711 903 1079 963 σεβαστοκροὶτοριι.
1734 921 1778 958 10

402 971 565 1014 Εἷὸέναι
584 973 626 1014 δὲ
646 975 714 1015 δεῖ
729 972 788 1016 ὅτι
813 975 847 1016 εἰ
868 973 992 1031 δεήσῃ
1014 973 1217 1031 ἀνενέγκαι
1234 974 1324 1018 τινὰ
1344 978 1425 1018 τῶν
1444 972 1648 1033 ἀρχόντων
1667 978 1727 1033 τῷ·

142 1048 173 1084 Ρ
197 1046 242 1084 47
264 1043 432 1094 βασιλεῖ
445 1057 484 1082 τι
509 1038 611 1083 ὥστε
636 1043 703 1083 καὶ
733 1046 805 1084 τοῦ
834 1041 1032 1097 ὀνόματος
1062 1048 1136 1086 τοῦ
1163 1042 1359 1086 δεσπότου
1387 1047 1643 1099 μνησθῆναι,
1671 1041 1724 1087 “ὅ

262 1106 589 1159 αὐθεντόπουλός
610 1109 724 1164 ¹uov²²
759 1111 881 1166 λέγει,
906 1108 959 1152 “ὁ
979 1108 1067 1162 υἱός
1083 1128 1157 1155 σου
1179 1110 1200 1154 ὅ
1224 1110 1464 1167 δεσπότης.”
1503 1115 1539 1155 εἷ
1559 1113 1603 1155 δὲ
1623 1111 1726 1169 πρὸς

261 1175 463 1231 ἀλλήλους
479 1175 670 1233 ἄρχοντες
687 1175 910 1231 ὁμιλοῦσιν,
943 1178 1240 1234 μνημονεύουσι
1261 1178 1420 1232 τούτου,
1449 1177 1502 1222 “ὅ
1528 1178 1725 1224 αὖθεντό-

260 1243 411 1294 πουλός
430 1244 541 1298 μας”
579 1247 762 1301 λέγουσιν
791 1245 842 1290 “ὃ
867 1245 1108 1303 δεσπότης.”
1182 1248 1232 1291 ἂν
1254 1250 1297 1291 δὲ
1318 1248 1454 1306 ἄρχων
1475 1247 1598 1291 πάλιν
1618 1248 1721 1304 μετὰ
1734 1263 1777 1301 15

258 1311 480 1370 ἀνθρώπου
510 1318 584 1356 τοῦ
615 1313 811 1358 δεσπότου
841 1313 985 1374 ὅμιλῇ,
1022 1320 1056 1359 εἲ
1080 1317 1153 1372 μὲν
1172 1315 1376 1371 βούλοιτο,
1410 1316 1511 1373 λε’γει
1539 1315 1724 1360 “ab-‘hv-

255 1379 456 1432 τόπουλός
483 1399 565 1436 μου
595 1381 616 1425 ὅ
649 1381 902 1439 δεσπότης·”
941 1386 976 1428 εἲ
1000 1386 1134 1428 δὲκαὶ
1167 1384 1219 1428 “ὅ
1249 1385 1449 1440 αὐθέντης
1467 1386 1581 1440 μας”
1619 1386 1723 1429 εἶἠοι

249 1447 303 1491 “ὃ
324 1448 550 1504 δεσπότης”
582 1451 652 1493 διὰ
670 1453 834 1494 πλείονα
854 1451 996 1507 τιμήν,
1031 1455 1078 1497 οὗ
1099 1453 1307 1497 κωλύεται.
1374 1453 1425 1496 ἂν
1445 1455 1490 1497 δὲ
1509 1452 1630 1496 πάλιν
1650 1454 1723 1497 ἄν·

257 1521 429 1574 &pumma
449 1523 522 1561 τοῦ
544 1518 740 1563 δεσπότου
762 1520 887 1578 δεήσῃ
912 1522 1130 1578 ἀνενεγκεῖν
1157 1527 1215 1582 τῷ
1237 1526 1403 1576 βασιλεῖ’
1428 1522 1529 1566 ὥστε
1554 1524 1622 1564 καὶ
1649 1526 1724 1566 τοῦ

259 1584 459 1640 ὀνόματος
481 1590 555 1629 τοῦ
578 1587 779 1631 αὖθέντου
803 1586 930 1632 αὐτοῦ
946 1595 1194 1646 μνησθῆναι,
1229 1590 1303 1645 οὐχ
1323 1589 1378 1632 ι(ὃ
1401 1589 1779 1644 αὖθεντόπουλόςρο

207 1664 237 1700 Β
258 1654 372 1708 μου”
404 1656 506 1710 λε’γει
526 1654 552 1710 ἢ
577 1654 629 1698 “ὄ
655 1656 854 1714 αὐθέντης
869 1675 950 1712 μου
973 1656 994 1701 ὃ
1015 1658 1103 1709 υἱός
1120 1657 1242 1711 σου,”
1280 1659 1374 1703 ἀλλ’
1406 1657 1459 1701 ’ςὸ
1483 1657 1622 1716 κύριός
1641 1676 1723 1714 μου

255 1721 278 1765 ὃ
300 1721 387 1774 υἱός
405 1740 479 1766 σου
501 1721 522 1766 ὃ
545 1723 787 1781 &andrus-3²
858 1727 989 1770 καίτοι
1015 1744 1060 1784 γε
1080 1726 1387 1782 ταυτοδύναμόν
1415 1728 1520 1772 ἔστιν
1543 1726 1564 1770 ὃ
1584 1726 1724 1785 κύριός

348 1853 373 1889 3
395 1852 604 1898 χαρταρίων
625 1853 659 1889 Α
755 1855 792 1891 7.
817 1855 852 1890 8.
879 1855 924 1891 10
950 1857 1035 1901 σου]
1059 1852 1181 1890 αὐτοῦ
1204 1855 1235 1890 Ρ
1335 1857 1381 1893 14
1402 1854 1722 1901 μνημονεύοντεςῒ

256 1964 452 2012 quaeritur.
500 1966 634 2012 caligae
654 1971 691 2002 et
709 1967 817 2003 calcei
838 1966 968 2003 caesia.
1014 1967 1094 2013 pari
1116 1969 1218 2004 modo
1241 1969 1347 2014 sella,
1375 1970 1654 2017 coopertorium,
1685 1975 1723 2007 et

257 2018 419 2056 tegumen
443 2013 536 2056 quod
559 2025 666 2058 supra
688 2014 819 2058 sellam,
852 2020 889 2048 et
910 2014 1098 2049 tentorium
1122 2015 1197 2049 eius
1221 2014 1434 2050 conveniunt
1459 2028 1534 2051 cum
1559 2018 1723 2052 sebasto-

257 2063 415 2099 cratore3
439 2057 633 2094 interiectis
656 2059 799 2094 scutulis
822 2059 1012 2103 quadratis,
1038 2061 1100 2095 sed
1126 2060 1203 2095 sine
1226 2061 1365 2105 aquilis.
1393 2073 1436 2096 ex
1459 2074 1550 2108 equo
1573 2063 1722 2098 descen-

256 2104 310 2139 dit
332 2108 369 2153 et
391 2103 460 2138 iste
483 2103 576 2139 intra
599 2105 710 2140 aulam
734 2105 858 2152 palatii
878 2105 925 2140 iis
946 2105 1032 2140 locis
1054 2106 1180 2152 quibus
1204 2112 1241 2141 et
1261 2108 1520 2143 sebastocrator
1542 2108 1674 2144 desilit.

346 2171 538 2218 Despotam
571 2184 686 2206 coram
717 2171 927 2218 imperatore
957 2173 1009 2208 sic
1033 2174 1238 2221 simpliciter
1261 2175 1457 2221 appellant,
1493 2175 1640 2222 despota
1660 2176 1721 2221 mi,

256 2220 291 2251 et
318 2218 480 2252 maiestas
503 2224 576 2252 tua.
625 2219 937 2254 sebastocratorem
972 2231 1082 2265 vero,
1121 2220 1259 2255 domine
1291 2221 1338 2254 mi
1373 2223 1650 2268 sebastocrator‚
1684 2229 1721 2258 et

256 2264 420 2298 maiestas
442 2269 517 2301 tua.
566 2263 753 2299 Caesarem
778 2277 896 2311 porro,
920 2265 1058 2300 domine
1082 2266 1130 2301 mi
1154 2267 1297 2312 Caesar,
1324 2271 1361 2302 et
1382 2267 1545 2304 maiestas
1567 2275 1650 2315 tua,
1673 2269 1720 2305 ad

256 2320 334 2344 eum
357 2310 492 2344 modum
514 2321 582 2355 quo
609 2311 870 2346 sebastocrator
889 2311 1128 2357 compellatur.

342 2377 445 2412 Scire
469 2382 630 2424 oportet,
663 2378 695 2412 si
718 2378 796 2423 quis
821 2390 864 2414 ex
889 2381 1094 2425 proceribus
1122 2380 1254 2426 aliquid
1284 2381 1489 2428 imperatori
1510 2382 1646 2418 reserat
1667 2381 1720 2418 ita

252 2427 292 2457 ut
315 2422 483 2469 despotae
506 2423 633 2458 mentio
656 2424 820 2460 facienda
843 2424 912 2470 sit,
947 2437 1024 2460 eum
1058 2431 1141 2460 tunc
1175 2427 1226 2462 uti
1258 2427 1324 2462 hac
1357 2428 1525 2463 formula:
1561 2427 1720 2462 dominus

251 2469 382 2502 domini
406 2469 475 2503 mei
496 2469 611 2513 filius,
646 2470 740 2510 filius
762 2476 843 2505 tuus
867 2470 1028 2516 despota.
1075 2472 1107 2506 si
1127 2484 1212 2507 vero
1238 2485 1401 2518 proceres
1424 2480 1542 2509 mutuo
1564 2473 1658 2508 inter
1680 2485 1721 2508 se

251 2514 424 2560 colloquio
449 2514 668 2550 meminerint
689 2516 869 2561 despotae,
894 2522 964 2551 tum
987 2517 1129 2552 dicunt:
1153 2518 1310 2553 dominus
1327 2526 1447 2555 noster
1462 2519 1592 2555 domini
1606 2519 1720 2553 nostri

249 2559 343 2594 filius
365 2561 525 2606 despota.
574 2561 605 2595 si
637 2561 714 2606 quis
747 2574 928 2608 procerum
960 2574 1036 2597 cum
1059 2564 1175 2608 aliquo
1201 2577 1244 2599 ex
1267 2566 1399 2600 familia
1420 2567 1588 2610 despotae
1611 2564 1719 2599 cono-

250 2612 399 2651 quatur,
432 2606 463 2640 si
490 2606 595 2651 velit,
623 2607 743 2642 dicere
766 2613 906 2653 potest,
933 2609 1091 2643 dominus
1115 2610 1246 2644 domini
1268 2611 1336 2646 mei
1362 2611 1455 2646 filius
1479 2612 1639 2655 despota.
1686 2610 1718 2644 si

252 2653 297 2686 ob
323 2651 486 2686 maiorem
509 2654 740 2688 reverentiam
763 2654 881 2689 dicere
904 2654 990 2689 velit
1015 2654 1171 2689 dominus
1196 2662 1315 2691 noster
1338 2657 1502 2702 despota,
1539 2667 1608 2690 non
1631 2667 1716 2701 pro-

252 2696 405 2732 hibetur.
452 2703 605 2733 ceterum
639 2699 671 2733 si
704 2711 806 2745 quem
832 2712 875 2735 ex
897 2700 1028 2735 familia
1054 2702 1222 2746 despotae
1245 2702 1376 2747 aliquid
1400 2703 1443 2737 ad
1472 2702 1716 2747 imperatorem

251 2743 389 2777 referre
411 2743 610 2788 contingat,
643 2749 682 2780 ut
704 2757 848 2781 necesse
870 2746 997 2781 habeat
1021 2747 1151 2781 domini
1177 2752 1212 2782 et
1235 2747 1313 2782 heri
1336 2748 1391 2782 sui
1414 2748 1636 2782 monitionem
1658 2747 1716 2782 in-

251 2788 372 2833 iicere,
397 2801 467 2823 non
487 2790 586 2834 dicit,
609 2790 749 2826 herulus
775 2804 870 2828 meus
895 2791 951 2827 vel
974 2793 1076 2827 herus
1099 2804 1206 2837 meus,
1232 2799 1312 2828 tuus
1330 2794 1439 2828 filiusz
1471 2794 1533 2828 sed
1556 2793 1714 2828 dominus

252 2845 348 2870 meus
360 2861 372 2880 ,
395 2834 488 2872 filius
509 2840 612 2882 tuus,
637 2837 798 2885 despota.
845 2849 1040 2887 quanquam
1063 2839 1154 2875 idem
1178 2840 1295 2876 valent
1315 2839 1438 2886 kyrius
1461 2839 1511 2885 (s.
1536 2839 1713 2884 dominus)
