1820 3178
559 146 623 192 m
647 147 847 192 comm
873 148 986 195 GAP.
1020 148 1059 193 1.
1434 151 1529 199 133

76 258 170 297 divit
204 256 501 309 protonotarium
536 269 620 295 oese
653 254 850 312 θυρωρόν
887 271 955 299 seu
987 257 1206 300 ostiarium?
1245 254 1359 312 θύρα
1401 261 1527 313 igitur,

77 315 149 353 hoc
177 317 237 352 est
263 316 399 365 ianua,
439 313 652 352 nominatur
680 327 757 354 non
780 316 884 365 quod
911 317 962 356 sit
989 319 1122 357 ianitor
1154 329 1223 355 seu
1253 316 1527 370 admissionalis,

75 370 143 409 sed
179 370 266 420 quia
298 374 358 408 est
390 370 577 422 proximus
615 369 663 408 ab
696 373 971 412 exocatacoelis.
1023 386 1092 415 nee
1124 377 1184 412 est
1212 373 1316 423 quod
1349 373 1477 413 Iunius
1503 389 1529 414 a

74 426 258 466 Ianizaris
297 426 502 465 subsidium
533 429 655 478 petat:
697 426 758 465 alii
785 429 882 467 enim
913 441 1048 468 nomen
1073 429 1144 469 hoc
1170 442 1246 468 non
1269 442 1293 467 a
1316 430 1428 469 ianua
1457 432 1526 470 sed

75 483 124 520 ab
158 481 231 520 alio
262 482 375 535 longe
406 483 551 523 diverso
581 482 759 523 vocabulo
794 483 1005 539 deducunt,
1038 490 1083 526 ut
1121 486 1161 527 iu
1191 485 1381 525 Pandecte
1411 485 1526 528 Ture.

74 539 199 577 videre
217 538 314 578 licet.

183 604 282 644 Illud
314 599 467 658 insuper
510 604 691 648 festivum
718 609 798 659 est,
839 619 922 646 cum
967 607 1020 647 ait
1059 610 1297 662 protonotarii
1330 609 1450 662 fuisse
1483 615 1527 650 ut

74 674 166 714 quae
202 661 300 714 sorio
341 675 368 701 a
417 662 606 702 catacoelis
637 662 695 702 vel
719 676 783 715 per
825 665 1018 703 catacoelos
1048 666 1099 704 ad
1123 665 1368 717 patriarcham
1398 667 1528 718 affere-

72 721 227 767 bantur,
276 731 319 757 oa
359 720 541 770 acciperet.
597 731 674 770 quo
708 723 859 758 auctore
891 720 963 759 hoc
1012 719 1205 760 affirmas?
1258 734 1346 760 nam
1388 722 1527 763 dicenti

73 775 255 813 duntaxat
286 775 319 813 si
357 775 609 827 crederemus,
653 776 777 815 omnia
815 777 1063 827 crederemus,
1110 779 1221 816 etiam
1255 782 1386 830 aperte
1421 780 1526 819 falsa.

68 832 303 882 protonotarii
329 830 402 868 fuit
433 843 562 871 curare
587 833 764 884 pittacia,
801 836 846 871 ut
876 832 999 883 inquit
1027 834 1207 872 Codinus.
1258 838 1438 886 pittacia,
1471 836 1526 875 ait

72 886 244 925 Cniacius
267 887 318 925 ad
339 887 406 929 fit.
435 889 491 929 37
515 887 578 926 lib.
608 890 659 930 12
681 889 764 928 cod.
794 887 1030 941 Iustinianei,
1076 895 1159 930 eunt
1194 893 1347 930 rationes
1373 895 1408 931 et
1433 905 1524 931 com·

70 945 237 982 meutarii
269 955 488 983 armarunt
524 943 747 984 militarium.
801 945 915 984 eodem
954 948 1088 986 nemim
1128 948 1380 998 sigmflcantur
1416 949 1525 987 etiam

69 993 258 1049 epistolae,
289 999 430 1049 album,
469 1002 626 1039 notaria.
681 1001 735 1039 ita
755 1000 795 1039 in
813 1001 892 1040 iure
917 1002 1031 1041 civili:
1072 1002 1133 1041 hic
1159 1004 1331 1042 militares
1363 1017 1526 1044 annonae

67 1055 190 1094 locum
216 1068 294 1094 non
315 1055 465 1094 habent.
519 1060 579 1095 eet
604 1069 696 1108 ergo
717 1053 924 1099 πιττάκιον
945 1059 1095 1111 proprie
1118 1060 1222 1110 quod
1244 1072 1313 1098 nos
1336 1073 1525 1113 vocamus,

68 1111 313 1151 ecelesiastica
334 1113 601 1151 consuetudine
626 1117 667 1151 et
689 1113 961 1167 appellatione,
991 1116 1092 1155 breve
1118 1116 1224 1165 (hinc
1243 1116 1341 1155 breue
1368 1123 1524 1168 aposto-

68 1168 199 1219 licum,
226 1172 267 1207 et
293 1168 551 1208 Germanicum
578 1168 674 1221 brief
690 1183 759 1222 pto
789 1172 968 1223 epistola,
993 1175 1033 1210 et
1061 1172 1101 1210 in
1128 1171 1334 1210 Annalibus
1365 1171 1522 1213 Latino-

69 1224 243 1263 Barbaris
269 1225 508 1274 brevigerulus
529 1227 586 1264 ein
610 1226 847 1278 bn'eflra‘goe,
871 1240 939 1266 seu
965 1228 1177 1267 breviculum
1204 1241 1271 1267 seu
1297 1230 1522 1279 breviarium,

68 1281 170 1319 unde
198 1281 374 1319 Germani
398 1294 507 1320 suum
531 1283 663 1320 brem‘er
683 1283 911 1335 formarunt,
940 1297 1009 1336 pro
1036 1285 1130 1323 libro
1153 1285 1373 1324 sacerdotali
1386 1298 1431 1324 ex
1445 1298 1523 1336 quo

70 1335 184 1375 horae
212 1338 408 1376 canonicae
430 1338 701 1390 persolvuntur.
756 1341 914 1379 occurrit
934 1341 1025 1379 haec
1052 1354 1125 1380 vox
1148 1342 1247 1380 breve
1267 1341 1463 1392 aliquoties
1483 1343 1523 1381 in

67 1393 212 1443 legibus
242 1393 428 1432 Francicis
459 1398 499 1433 et
529 1395 567 1432 in
590 1396 747 1445 Synodo
770 1396 953 1434 Meldensi
974 1410 1053 1436 can.
1081 1397 1120 1440 4.
1146 1397 1396 1436 Glossarium:
1432 1413 1524 1439 πιτ-

67 1445 209 1491 τάκιον
230 1451 440 1502 pittacium,
465 1451 589 1490 brevis.
646 1451 758 1489 Anna
776 1453 814 1489 in
838 1452 1016 1491 Alexiade
1040 1467 1129 1491 sua:
1158 1453 1227 1493 καὶ
1246 1451 1294 1493 τᾶ
1314 1454 1450 1507 βιβλία
1465 1454 1523 1501 εἰς

68 1503 193 1558 μέσον
216 1508 435 1559 τηνικαῦτα
463 1507 725 1559 προυτίθει-ο·
754 1509 895 1561 βρεβία
914 1512 1038 1548 ταῦτα
1059 1508 1089 1560 ἦ
1117 1506 1317 1560 συνήθεια
1339 1507 1423 1550 οἶδε
1446 1525 1523 1550 κα-

69 1565 175 1610 λεῖν,
205 1560 251 1602 ἓν
278 1558 339 1610 οἷς
366 1558 637 1616 ἅναγροίφεται
659 1560 708 1602 τοὶ
739 1563 783 1603 ἐν
817 1560 969 1619 ἑκάστῳ
1006 1563 1158 1615 τεμένει
1193 1562 1292 1605 ὄντα
1325 1561 1521 1617 κειμήλια.

68 1617 159 1655 haec
179 1618 323 1656 notavit
345 1617 523 1655 Pithoeus
549 1619 600 1655 ad
618 1618 720 1668 leges
747 1618 955 1658 Francicas.
1010 1620 1219 1659 huiusmodi
1241 1633 1331 1671 ergo
1361 1621 1521 1660 brevibus

67 1671 301 1711 conficiendis
322 1677 491 1724 praeerat
516 1675 816 1724 protonotarius,
839 1679 878 1714 et
903 1681 1032 1727 posset
1056 1677 1155 1714 forte
1180 1672 1202 1717 ὅ
1228 1677 1284 1725 εἰς
1310 1673 1360 1718 ‘roi
1382 1675 1522 1718 πιττά-

68 1744 137 1770 κια
164 1730 272 1768 unico
307 1734 347 1768 et
382 1731 582 1768 etiamnum
616 1731 868 1770 ecclesiasticis
902 1733 1151 1771 functionibus
1171 1734 1311 1771 usitato
1339 1734 1521 1773 vocabulo

0 1793 4 1833 ἶ
68 1786 141 1823 dici
164 1786 382 1824 abbreviator
410 1786 468 1824 vel
497 1787 622 1837 potius
641 1787 835 1834 breviator-,-
862 1801 938 1838 qua
963 1801 1054 1827 voce
1077 1790 1195 1827 utitur
1214 1790 1325 1828 etiam
1347 1789 1521 1829 Iustinia-

67 1854 140 1880 nus
169 1841 314 1880 Novell.
346 1842 439 1883 105.
494 1847 553 1880 est
587 1843 698 1881 etiam
730 1845 847 1893 breve,
883 1849 922 1883 et
957 1858 1024 1896 per
1055 1858 1286 1895 consequens
1315 1849 1521 1898 pittacium,

66 1900 324 1943 inumtarium3
361 1899 466 1947 quod
496 1898 544 1936 ab
580 1899 728 1950 Optato
750 1900 773 1938 l.
798 1903 818 1942 1
841 1905 995 1939 vocatur
1017 1905 1373 1941 commemoratorium.
1427 1904 1518 1941 item
1541 1902 1570 1938 P
1600 1902 1666 1940 163

67 1955 198 1993 ὀπυίει
225 1955 356 2002 brevis,
380 1955 420 1992 id
441 1959 500 1992 est
521 1956 649 2006 index,
676 1960 760 1994 auri
782 1960 815 1994 et
838 1960 984 2007 argenti
1008 1958 1209 1997 Caeciliano
1239 1959 1410 2009 traditur,
1447 1960 1521 1998 ad-

67 2010 189 2048 hibitis
219 2011 377 2050 testibus.
432 2015 472 2049 et
497 2011 669 2050 absolute
699 2012 856 2051 indicem
883 2018 923 2051 et
945 2016 1179 2053 summarium
1200 2015 1252 2053 rei
1279 2015 1520 2067 comprehen-

65 2066 207 2104 sionem
231 2064 425 2116 significat.
477 2067 566 2105 inde
587 2068 626 2105 in
654 2067 798 2118 legibus
818 2069 1003 2108 Francicis
1025 2074 1064 2109 et
1083 2072 1185 2123 apud
1209 2071 1435 2110 Nithardum
1447 2073 1518 2110 Hi-

66 2126 158 2161 stor.
186 2122 213 2160 l:
237 2121 264 2163 4
282 2123 434 2160 verbum
454 2124 666 2172 inbreviare,
706 2125 777 2162 hoc
799 2129 859 2163 est
881 2126 1021 2176 aliquid
1050 2129 1089 2165 in
1123 2128 1234 2166 breve
1255 2141 1321 2166 seu
1348 2129 1518 2167 inventa-

65 2179 161 2215 rium
185 2179 332 2216 referre.
388 2179 435 2216 de
471 2179 623 2230 pittacio
654 2180 738 2218 vide
769 2182 880 2220 etiam
910 2182 1149 2222 Heribertum
1175 2183 1413 2222 Rosweidum
1449 2197 1518 2221 no-

66 2239 186 2272 strum
207 2234 246 2272 in
269 2234 515 2272 Onomastieo
531 2236 580 2272 ad
603 2235 709 2273 Vitas
728 2241 887 2287 patrum.
944 2239 1112 2278 Zonaras
1136 2241 1175 2278 in
1201 2240 1342 2279 concilii
1358 2241 1516 2278 Cartha-

65 2290 230 2340 ginensis
251 2291 440 2327 Canones:
470 2290 631 2343 βρέβιον
656 2291 687 2344 ἦ
716 2291 880 2347 ἐπιτομὴ
905 2294 1055 2349 λέγεται
1072 2295 1139 2337 καὶ
1156 2295 1352 2347 σύντομος
1364 2292 1516 2349 γραφή.

67 2346 219 2400 βρεβίω
244 2343 322 2400 γὰρ
353 2344 453 2386 navo?
479 2348 681 2396 Λατίνους
702 2346 748 2390 τό
774 2349 922 2403 τέμνω,
950 2351 1017 2392 καὶ
1046 2352 1231 2406 βρεβίτας
1262 2352 1292 2404 ἦ
1310 2352 1513 2403 συντομία.

179 2437 217 2476 p.
235 2423 262 2464 4
280 2435 315 2461 v.
337 2422 402 2465 14.
427 2423 487 2462 De
502 2425 643 2475 origine
660 2428 761 2465 vocis
775 2426 982 2470 πιττάκιον
998 2429 1089 2468 haee
1109 2429 1395 2480 Moschopulus:
1418 2443 1512 2469 πετ-

64 2475 182 2536 τύιςια
192 2482 381 2533 Δωρικῶς
398 2477 446 2519 τὰ
464 2478 584 2521 λεπτὰ
604 2481 879 2536 περιτμήματα
894 2488 974 2527 τῶν
989 2486 1221 2540 δερματίων,
1240 2480 1371 2536 ἆφόὗ
1395 2483 1512 2538 ἡμεῖς

63 2533 246 2578 πιττάκια
268 2535 441 2589 λέγομεν.

154 2610 396 2656 Moschopulus
410 2607 583 2646 πεττῦκια
595 2612 720 2648 Dorice
739 2616 945 2662 pronuntiat,
973 2618 1010 2650 et
1024 2617 1237 2651 membranas
1248 2614 1320 2649 sive
1333 2615 1510 2661 pelliceam

64 2655 214 2691 chartam
229 2657 304 2691 sive
317 2669 552 2713 pergamenum
565 2658 747 2703 signifieat.
788 2661 824 2695 in
838 2662 955 2696 eodem
987 2673 1087 2696 sensu
1112 2661 1230 2696 audies
1253 2661 1372 2706 vulgus
1394 2662 1507 2695 Grae-

64 2713 180 2736 corum
202 2703 410 2747 λεμπρηνον
437 2702 562 2737 dicere.
614 2715 847 2751 nonnunquam
864 2713 978 2741 tamen
1000 2708 1154 2751 diploma
1178 2707 1314 2741 tabulas
1339 2709 1440 2742 breve
1456 2719 1513 2742 oo-

65 2748 199 2781 dim'llos
224 2748 350 2790 resertg
379 2753 515 2795 tumque
540 2750 714 2786 materiam
739 2762 784 2787 ne
807 2751 1066 2798 contempleris,
1094 2751 1159 2788 sed
1188 2751 1223 2786 in
1250 2750 1386 2799 scriptis
1399 2753 1515 2788 lectis-

65 2803 132 2837 que
147 2792 210 2828 tibi
222 2792 420 2830 sistendum.
