1864 3164
279 174 377 220 224
489 172 767 218 GRETSERI
784 173 858 216 ET
879 172 1055 217 GOARI
1073 172 1513 218 COMMENTARIUS

277 281 341 316 diti
363 281 554 336 Graecique
576 281 642 317 viri
662 280 863 316 auctoritate
885 279 1039 325 laudata,
1064 280 1203 316 lacinias
1223 280 1475 337 lemniscosque
1481 281 1643 317 militares
1659 293 1722 318 an-

276 327 376 372 tiquis
409 327 571 362 Romanis
601 327 790 381 relinques,
820 330 856 361 et
885 326 919 361 in
941 326 1133 361 recentiore
1156 327 1366 364 Graecarum
1389 327 1534 364 vestium
1556 340 1620 364 usu
1640 341 1723 365 non·

275 373 340 407 nisi
363 373 452 419 quod
476 373 591 408 oculus
614 374 721 408 cernit
745 376 781 407 et
804 372 890 407 ratio
915 372 1034 408 suadet
1056 372 1244 410 adnotabis.

387 461 424 499 p
448 450 498 490 13
524 461 558 486 v.
587 450 651 490 11.
670 444 916 517 ταμποὶριον
945 461 1014 499 pro
1048 463 1272 517 ταππαριον
1308 448 1387 486 sive
1411 445 1654 502 ταββάριον,
1680 455 1724 490 ut

276 502 507 610 μοὲμπάριιον
539 500 794 559 μαπποῖριον,
823 501 1016 558 ὅμφίκιον
1038 500 1254 557 ὅφφίκιον,
1281 503 1450 545 Italicum
1475 507 1639 556 tabarro,
1662 520 1726 560 pe-

275 573 321 599 nu
337 574 360 599 a
411 574 452 598 ει
468 573 580 613 amys.

365 634 592 681 ταμποὶριον]
634 636 810 681 chlamys
833 635 1058 682 imperatoria
1110 635 1154 670 ad
1195 635 1302 682 pedes
1349 636 1523 680 defluens,
1571 637 1725 674 militaris

279 692 512 737 nonuunquam
556 688 592 716 et
634 683 784 717 brevior.
832 682 971 719 Nicetes
1000 683 1034 716 in
1064 648 1223 717 Manuelpe
1260 683 1431 717 Comneno
1461 683 1482 718 l.
1506 662 1547 718 4·
1581 684 1629 730 τῇ
1657 681 1726 729 μὲν

277 725 435 782 χλαμύδι
458 729 525 763 τοῦ
546 725 712 784 σώματος
733 728 934 786 περιείλησε
953 724 1019 763 τὸν
1041 725 1164 772 λύγον.
1211 728 1304 763 cuius
1334 729 1401 763 alia
1432 728 1532 763 lectio
1555 728 1642 764 iuter
1660 741 1725 765 vn-

278 773 349 808 rias
371 773 489 808 scribit
512 774 566 819 τῷ
586 771 654 819 μὲν
672 773 866 821 ταμπαρίῳ
890 774 958 808 τοῦ·
978 770 1143 817 σώματος
1163 774 1363 818 περιείλησε
1385 770 1452 809 τὸν
1465 771 1587 819 λύγον.
1611 779 1650 810 ut
1663 787 1726 821 ge-

278 823 409 853 reretur
432 820 489 854 vel
512 831 634 875 corpus
659 819 822 864 ambiret,
855 820 938 853 haec
968 819 1036 853 alia
1058 819 1233 874 scriptoris
1255 820 1403 854 eiusdem
1425 820 1532 854 verba
1555 820 1727 856 declarant

278 864 302 898 1.
328 865 370 899 3:
393 863 559 921 χλαμύδα
582 862 793 910 ἠσθημένος
812 846 1049 920 ἆστειοτέροιν
1071 864 1154 909 περὶ
1177 862 1244 899 τὸν
1275 861 1397 919 δεξιὸν
1429 858 1528 910 ὦμον
1547 877 1727 908 περονου-

278 906 406 955 μένην,
430 910 494 945 καὶ
516 909 690 954 ἀφιεῖσαν
713 907 915 966 ἐλευθέραν
937 907 1005 955 τὴν
1021 913 1126 964 χεῖρα
1148 908 1244 946 κατὰ
1261 908 1304 945 τὸ
1329 907 1519 956 πόρπημα.
1565 912 1621 946 ubi
1644 923 1726 947 vero

276 956 488 1000 ταμπαρίου
524 957 602 991 vice
631 967 841 1001 ταππαριον
877 956 931 992 vel
964 967 1010 991 τοι
1013 953 1171 1002 ββάριον
1207 955 1385 1002 legendum
1422 961 1521 1003 putat
1557 957 1728 994 meursius

277 1001 369 1036 nullo
392 1007 552 1048 auctore,
574 1008 732 1047 nugatur.

391 1072 549 1111 Iunius·
539 1086 578 1111 111
595 1073 741 1111 Codino
759 1071 951 1110 confundit
966 1074 1182 1122 margaritas
1200 1084 1284 1111 cum
1302 1071 1493 1122 margellis‚
1513 1075 1553 1110 et
1571 1073 1610 1110 id
1625 1074 1728 1123 quod

281 1141 326 1168 ex
346 1130 529 1179 margellis
545 1133 704 1180 constat,
728 1141 810 1166 cum
822 1128 884 1166 illo
904 1129 1005 1177 quod
1021 1132 1171 1167 constat
1189 1141 1235 1166 ex
1247 1129 1475 1180 margaritiS,
1503 1142 1586 1168 cum
1602 1133 1729 1168 tamen

281 1185 382 1223 haud
402 1186 534 1236 exiguo
556 1185 762 1223 discrimine
782 1185 932 1222 distent.
959 1197 1045 1223 nam
1066 1185 1250 1235 margella'
1265 1185 1448 1235 signifieat
1480 1183 1523 1238 1)
1541 1186 1729 1225 corallium

279 1241 462 1293 lapidem,
497 1241 543 1293 2)
567 1243 695 1280 florem
714 1254 780 1278 seu
798 1241 949 1279 herbam
973 1242 1238 1293 anagassidem,
1268 1253 1363 1291 quae
1386 1242 1522 1280 rubore
1541 1242 1729 1281 corallium

279 1298 466 1337 mentitur.
524 1297 664 1336 Gallice
685 1298 883 1348 margelline
905 1311 970 1336 seu
997 1299 1225 1348 morgellIna,
1263 1298 1371 1348 quasi
1391 1311 1535 1336 morsus
1560 1299 1729 1349 gallinae.

277 1354 462 1404 Aegineta
479 1355 691 1406 κοραλλίαν
711 1354 882 1405 appellat.
921 1353 966 1405 3)
986 1355 1024 1392 id
1043 1356 1144 1403 quod
1166 1356 1294 1391 florem
1308 1357 1346 1392 et
1365 1354 1524 1405 lapidem
1541 1355 1729 1394 corallium

277 1411 453 1448 imitatur.
494 1409 540 1461 4)
561 1411 678 1449 omnis
705 1411 850 1461 generis
875 1411 1036 1461 pretiosa
1055 1415 1094 1448 et
1118 1410 1312 1448 discoloria
1331 1415 1542 1449 assumenta
1563 1412 1727 1450 vestibus

278 1467 479 1518 superaddi
510 1467 630 1505 solita.
680 1465 911 1519 μαργέλλιον
937 1479 1050 1519 saepe
1077 1467 1175 1504 idem
1203 1466 1386 1516 significat
1415 1467 1517 1515 quod
1544 1467 1728 1518 margella.

279 1523 482 1573 aliquando
498 1522 724 1574 margellium
746 1526 804 1560 est
821 1523 963 1560 fimbria
980 1535 1046 1561 seu
1063 1523 1196 1560 limbus
1219 1535 1263 1560 ex
1285 1522 1463 1574 margella
1485 1536 1551 1562 seu
1569 1524 1728 1562 corallio.

278 1579 563 1631 Moschopulus·
604 1582 718 1631 λῶμα
742 1576 787 1619 τὸ
818 1575 883 1619 ἄπ’
919 1577 1044 1647 ἄκρου
1072 1577 1175 1626 τινὸς
1222 1579 1474 1631 ἐκτεταμένον
1507 1579 1577 1620 καὶ
1604 1579 1731 1621 οἱονεὶ

280 1633 414 1688 ὅρίζον
436 1632 558 1685 αὐτό,
585 1634 640 1684 οὸς
664 1651 708 1676 το
729 1650 874 1683 κοινως
900 1634 1113 1689 λεγόμενον
1134 1634 1376 1688 μαργέλλιον.
1405 1632 1622 1688 λωμοῖτιον,
1644 1650 1730 1704 par·

279 1692 365 1731 vala
379 1693 549 1745 fimbria,
583 1705 714 1744 parvus
746 1692 870 1730 limbus
898 1705 957 1730 seu
987 1692 1165 1731 limbulus.
1203 1705 1315 1743 porro
1346 1705 1370 1731 a
1399 1694 1513 1744 λωμα
1535 1708 1578 1733 το
1600 1688 1731 1744 λωμα-

280 1763 367 1788 τιον
390 1753 519 1786 natum
540 1749 686 1786 videtur
707 1748 965 1786 Germanicum
991 1762 1062 1786 som
1081 1761 1200 1797 saum,
1229 1749 1395 1799 fimbria,
1421 1750 1444 1788 λ
1461 1751 1498 1787 in
1526 1748 1559 1787 S
1575 1752 1729 1787 mutato.

279 1804 479 1844 Balsamon
506 1805 555 1843 ad
584 1806 638 1846 27
667 1817 843 1844 canonem
871 1804 1108 1843 Trullanum:
1135 1800 1232 1844 ἄλλα
1263 1801 1312 1844 τοὶ
1337 1806 1532 1857 πολυτελῆ
1565 1801 1733 1856 χρυσοΰ-

283 1876 414 1912 φαντα
444 1858 690 1913 ἐπιβλήματα
722 1858 770 1900 toi
800 1862 1022 1912 δημοτικοῖς
1050 1857 1241 1913 λεγόμενα
1265 1859 1492 1913 μαργέλλια,
1525 1858 1732 1912 γράμματα

281 1916 351 1957 καὶ
372 1913 593 1964 οἷντίπανα,
615 1916 681 1957 καὶ
699 1914 747 1956 τοὶ
763 1916 805 1957 ἐκ
818 1915 1014 1969 κογχύλης
1027 1917 1321 1967 πορφυρίζοντα
1348 1915 1492 1967 ἱμάτια.
1527 1919 1732 1967 grammata

284 1976 318 2011 ct
332 1975 515 2022 antipam,
535 1973 641 2021 quasi
659 1973 773 2024 panni
795 1974 926 2023 pannis
948 1972 1107 2023 oppositi
1119 1998 1131 2021 ,
1150 1976 1182 2009 et
1197 1984 1374 2022 purpurea
1395 1973 1609 2012 vestimenta.
1638 1977 1731 2022 puto

283 2028 481 2078 legendum
504 2025 687 2080 γάμματα
715 2041 784 2078 pro
802 2025 1032 2079 γράμματαε
1058 2039 1143 2063 nam
1163 2030 1271 2064 vestes
1294 2030 1494 2076 gammatae
1512 2031 1624 2065 notae
1642 2033 1731 2066 sunt

285 2085 386 2134 apud
409 2084 593 2134 Graecos,
622 2087 660 2121 et
681 2085 719 2120 in
744 2083 974 2121 Balsamonis
993 2082 1126 2119 meleta
1149 2082 1196 2119 de
1221 2081 1515 2120 Patriarcharum
1534 2083 1731 2134 privilegiis

286 2140 400 2178 habes
425 2152 622 2193 στιχαριον
642 2135 707 2179 δια
722 2154 947 2191 γαμματων.
973 2139 1070 2176 idem
1095 2138 1293 2176 Balsamon
1317 2139 1365 2176 ad
1380 2151 1557 2177 canonem
1574 2142 1626 2182 16
1643 2153 1733 2178 con-

286 2196 357 2235 cilii
384 2196 553 2247 septimi,
583 2196 685 2245 quod
719 2199 778 2232 est
809 2195 1010 2234 secundum
1038 2192 1261 2244 Nieaenum,
1297 2192 1388 2235 οὔτε
1409 2210 1499 2236 τινα
1505 2191 1734 2263 ἑτερόχροα

289 2251 535 2304 ἐπιβλήματα
550 2251 835 2303 προσετίθεσαν
856 2251 898 2291 ἐν
920 2254 1002 2297 τοῖς
1031 2247 1169 2300 ἄκροις
1194 2253 1274 2290 τῶν
1297 2249 1505 2303 ἷματίων’
1485 2248 1612 2305 η’γουν
1633 2267 1733 2304 μαρ-

287 2308 430 2363 γὲλλια.
457 2309 519 2346 ubi
548 2307 779 2346 doctissimus
796 2308 852 2345 vir
878 2307 1083 2344 Gentianus
1102 2308 1205 2345 Herv
1207 2312 1288 2345 etus
1306 2308 1356 2345 ad
1376 2307 1578 2359 marginem
1603 2311 1731 2346 notat:

289 2364 475 2418 μαργέλια
503 2363 573 2417 (sic
600 2365 696 2403 enim
725 2362 869 2414 scribit)
892 2367 978 2413 puto
995 2363 1125 2401 dzctum
1149 2377 1219 2401 esse
1244 2377 1268 2402 a
1296 2363 1462 2412 Graecis,
1489 2368 1652 2416 corrupta
1673 2363 1731 2402 di-

285 2425 417 2471 ctione,
448 2421 551 2470 quasi
579 2420 808 2471 marginalia.
838 2419 894 2457 cui
911 2419 1139 2457 coniecturae
1166 2420 1254 2468 quid
1279 2420 1626 2458 verisimilitudinem
1644 2432 1732 2458 con-

286 2479 405 2528 ciliet,
432 2477 522 2515 nihil
542 2478 647 2516 video
672 2479 819 2528 praeter
846 2475 1031 2513 nominum
1052 2477 1237 2526 quandam
1260 2476 1554 2514 similitudinem..
1582 2479 1621 2513 et
1646 2475 1732 2524 quia

284 2535 324 2571 in
354 2534 535 2584 mai-gellis
572 2538 610 2572 et
648 2532 844 2583 margelliis
870 2543 1076 2582 versamur,
1127 2533 1286 2570 Cedreni
1326 2533 1446 2571 locum
1477 2533 1515 2569 in
1554 2531 1733 2570 Michaele

287 2591 502 2629 Stratiotico
516 2591 735 2642 imperatore
756 2587 1003 2627 adscribamus
1028 2592 1066 2625 ct
1090 2589 1319 2639 explicemus
1351 2586 1393 2630 τό
1415 2603 1456 2629 τε
1477 2602 1552 2641 γαρ
1577 2584 1734 2640 λεγόμε-

287 2662 362 2687 νον
391 2643 622 2699 στρατήγιον
656 2643 1002 2713 ἀνακαθαίρεσθαι
1029 2643 1227 2691 ἐκέλευσε,
1265 2643 1334 2685 καὶ
1361 2660 1430 2692 τας
1455 2658 1535 2683 των
1562 2645 1733 2683 πολιτῶν

288 2700 463 2752 κεφαλὰς
479 2703 713 2753 cuiusnam,
744 2698 797 2754 μὴ
814 2697 880 2742 δια
901 2715 1137 2752 γραμματων
1163 2717 1217 2748 ως
1245 2703 1343 2747 νῦν,
1368 2697 1463 2741 oillei
1483 2696 1549 2739 δια
1570 2701 1734 2751 μαργελ-

290 2756 529 2809 λογροῖμμων
557 2755 738 2799 ὀθονίων
776 2757 819 2798 ἐκ
858 2753 1011 2808 βύσσου
1049 2759 1259 2809 πορφυρᾶς
1287 2754 1580 2821 ssquoacfitvmv3
1630 2757 1735 2793 iumt

291 2814 406 2866 (idem
436 2815 690 2866 Stratioticus)
722 2814 913 2866 expurgari
941 2816 1145 2864 strategium
1178 2818 1247 2852 etc.
1279 2817 1313 2852 et
1352 2815 1472 2866 capita
1503 2813 1633 2851 civium
1662 2813 1737 2862 tegi
