1832 3178
395 928 750 1000 LIBER
816 929 1298 1004 PRIMUS.

599 1095 976 1146 CAPUT.
1044 1100 1078 1147 1.
1176 1053 1181 1062 ·

185 1327 241 1368 uis
271 1328 385 1367 fuerit
402 1329 587 1380 Georgius
612 1330 780 1368 Codinus
807 1331 1058 1383 curopalata,
1091 1335 1131 1370 et
1161 1344 1237 1382 quo
1255 1331 1401 1370 saeculo
1424 1331 1568 1383 vixerit,
1586 1335 1615 1368 P
1641 1337 1703 1372 151

116 1400 194 1425 non
208 1385 330 1423 habeo
353 1387 492 1432 dicere;
526 1391 567 1424 ut
587 1399 655 1425 nec
674 1387 788 1437 illud,
813 1401 902 1426 num
921 1389 1169 1440 Curopalatae
1188 1402 1322 1428 nomen
1349 1390 1399 1427 sit
1428 1402 1566 1439 cogno—

116 1456 203 1481 men
217 1455 267 1480 an
283 1440 395 1480 officii
412 1443 575 1493 palatini.
629 1444 720 1481 illud
751 1444 891 1495 liquet,
919 1447 1092 1496 sequiore
1118 1446 1190 1483 iam
1214 1446 1390 1494 Graecia,
1417 1451 1456 1483 et
1483 1459 1566 1484 cum

115 1501 167 1537 ad
190 1499 379 1537 interitum
408 1500 604 1550 tenderet,
641 1499 830 1551 floruisse,
871 1507 960 1552 post
997 1503 1300 1540 Cantaeuzenum
1336 1502 1474 1540 scilicet
1510 1502 1568 1539 vel

115 1568 199 1594 cum
218 1555 292 1593 illo.

228 1610 380 1648 Praeter
405 1610 504 1648 hunc
520 1610 674 1659 librum,
702 1611 767 1659 qui
792 1611 900 1648 nobis
927 1616 986 1649 est
1012 1613 1049 1649 in
1079 1612 1268 1663 mambra,
1297 1614 1444 1667 scripsit
1470 1615 1570 1653 idem

118 1667 288 1705 eodinus
319 1664 565 1718 παρεκβολας
593 1667 636 1706 ἐκ
669 1669 739 1716 τῆς
768 1668 908 1719 βίβλου
936 1670 1009 1706 τοῦ
1045 1672 1235 1720 χρονικοῦ
1262 1670 1353 1722 περὶ
1379 1674 1461 1710 τῶν
1487 1686 1571 1710 πα-

118 1724 240 1776 τρίων
265 1723 339 1773 τῆς
360 1723 838 1770 Κωνσταντινουπόλεως,
866 1723 994 1761 selecta
1015 1737 1059 1762 ex
1081 1725 1170 1762 labro
1196 1726 1353 1764 chronico
1382 1727 1425 1764 de
1455 1729 1570 1776 origi·

117 1780 222 1818 nilm
246 1778 406 1830 Cpoleos,
435 1790 532 1828 quae
557 1779 629 1816 iam
665 1778 806 1816 Graece
831 1784 871 1817 et
901 1778 1037 1817 Latine
1069 1786 1239 1830 exstant,
1277 1784 1423 1820 tametsi
1456 1783 1569 1833 longe

119 1835 326 1887 copiosiora
351 1834 390 1871 in
414 1834 635 1872 bibliotheca
662 1834 838 1873 Bavarica
866 1842 1111 1874 asservantur.
1167 1837 1297 1876 titulus
1325 1840 1378 1877 ita
1409 1852 1433 1877 a
1461 1840 1568 1877 Iunio

118 1893 300 1930 formatus
317 1894 398 1941 est,
427 1891 575 1940 Georgii
597 1891 721 1929 Cadini
745 1892 832 1929 liber
862 1893 905 1929 de
927 1892 1142 1943 officialibus
1162 1895 1301 1945 palatii
1325 1895 1507 1946 cpolitani
1534 1899 1569 1934 et

119 1948 250 2000 officiis
265 1960 413 1997 magrme
425 1948 596 1985 ecclesiae.
618 1960 703 1984 nam
721 1948 816 1985 alter
833 1948 975 1997 titulus,
995 1962 1105 1998 quem
1123 1963 1168 1987 ex
1185 1963 1242 1987 ms
1261 1952 1423 2000 quodam
1442 1953 1568 1989 codlce

118 2004 284 2055 adducit,
300 2016 451 2055 prorsus
463 2004 553 2041 nihil
569 2004 617 2040 ad
632 2004 729 2041 hunc
747 2004 877 2042 librum
894 2006 1001 2043 facit.
1021 2007 1296 2058 παρεκβολαι’
1277 2023 1321 2047 εκ
1338 2011 1409 2058 τῆς
1425 2009 1566 2060 βίβλου
1589 2022 1618 2056 Ρ
1642 2024 1709 2059 152

118 2062 195 2100 τοῦ
225 2061 413 2122 χρονικοῦ
445 2060 534 2111 περὶ
564 2063 647 2099 τῶν
675 2063 851 2111 πατριῶν
880 2065 950 2110 τῆς
985 2060 1462 2112 Κωνσταντινουπόλεως,
1497 2065 1567 2104 καὶ

118 2113 249 2156 πόθεν
275 2110 426 2166 ἐκλήθη
453 2113 691 2163 Βυζάντιον,
721 2121 970 2156 συντεθεῖσαι
996 2115 1104 2166 παραὶ
1139 2122 1178 2158 Γ
1174 2120 1337 2172 εωργιου
1363 2121 1565 2159 Κωδίνου-

119 2172 230 2221 nihil,
254 2172 427 2221 inquam,
446 2173 495 2208 ad
514 2171 611 2209 hunc
629 2171 748 2209 locum
766 2173 825 2210 hic
845 2173 974 2210 titulus
992 2174 1103 2224 facit,
1122 2176 1209 2224 quia
1228 2181 1287 2213 est
1304 2176 1398 2213 illius
1417 2176 1566 2214 alterius

119 2229 168 2265 de
195 2228 395 2277 originibus
425 2227 605 2278 CpoleOS‚
633 2229 690 2265 cui
715 2230 825 2266 etiam
853 2230 899 2266 ab
923 2230 1065 2268 editore
1092 2235 1192 2269 recte
1221 2230 1456 2283 praefigitur,
1482 2233 1568 2270 licet

118 2296 217 2333 non,
244 2288 287 2320 ut
304 2283 453 2332 Iunius,
481 2286 560 2323 τῶν
578 2287 757 2336 πατριῶν
783 2298 807 2322 3
824 2290 925 2322 recto
955 2302 1120 2337 noemia,
1148 2288 1216 2325 sed
1235 2288 1363 2325 melius
1383 2292 1461 2327 τῶν
1489 2304 1568 2327 πα·-

117 2341 239 2389 τρίων
258 2352 283 2376 a
308 2339 438 2389 plurali
464 2337 512 2378 ταὶ
533 2337 678 2390 πάτρια
706 2341 813 2378 nobis
841 2341 1032 2389 exhibeat3
1063 2355 1140 2392 quo
1163 2344 1272 2381 titulo
1305 2345 1415 2381 etiam
1446 2344 1569 2392 Hesy—

115 2397 220 2433 chius
252 2395 419 2432 Milesius
442 2394 573 2433 librum
600 2397 765 2446 scripsit,
790 2398 855 2447 qui
883 2398 955 2436 iam
979 2398 1153 2449 vulgatus
1178 2404 1248 2437 est.
1305 2404 1344 2437 et
1371 2403 1461 2436 nota
1478 2403 1570 2437 sunt

117 2465 163 2490 ex
195 2452 311 2489 Suida
347 2451 524 2501 Diogenis
556 2453 730 2501 Cyziceni
757 2452 806 2493 w?
843 2450 990 2507 πάτρια
1019 2458 1218 2504 Κυζίκου,
1246 2469 1301 2493 res
1326 2457 1471 2506 patriae
1499 2468 1566 2492 seu

117 2511 267 2558 angina
285 2508 418 2558 Cyzici.

228 2564 279 2601 Et
307 2569 431 2600 tamen
460 2563 670 2601 suavissime
692 2569 854 2615 nugatur
877 2565 1025 2616 Iunius,
1056 2579 1120 2603 cur
1147 2565 1239 2603 liber
1263 2565 1335 2602 iste
1364 2565 1412 2602 de
1439 2562 1570 2603 officiis

117 2622 376 2672 παρεκβολών
394 2619 675 2669 appellationem
688 2621 832 2671 tulerit,
850 2634 983 2672 nempe
1002 2622 1090 2672 quod
1110 2635 1153 2659 ex
1177 2622 1284 2668 libro,
1315 2623 1417 2659 cuins
1441 2623 1572 2659 inseri..

116 2678 192 2726 ptio
211 2680 261 2713 est
288 2676 530 2725 Chronicum,
558 2680 737 2726 excerptus
757 2678 896 2728 fuerit3
933 2679 1134 2715 chronicum
1161 2677 1224 2714 hoc
1249 2676 1368 2727 fuisse
1388 2677 1570 2728 publicum

114 2732 251 2781 palatii
266 2733 454 2782 Cpolitani,
472 2735 510 2769 in
526 2731 616 2782 quod
628 2735 713 2769 acta
729 2734 954 2784 curopalatae
971 2732 1175 2778 rettulerint,
1195 2734 1233 2769 in
1247 2744 1389 2783 quorum
1408 2734 1568 2772 custodia

118 2788 211 2824 idem
229 2801 361 2838 quoque
380 2788 464 2825 liber
478 2788 607 2838 fuerit.
664 2789 755 2835 qnid
769 2793 828 2827 est
846 2802 963 2838 nugas
983 2800 1116 2837 agere,
1144 2788 1174 2824 si
1194 2788 1264 2826 hoc
1282 2800 1357 2825 non
1374 2788 1462 2826 est?
1484 2802 1567 2827 cum

120 2844 320 2894 epigraphe
338 2844 409 2881 ista
426 2857 502 2881 non
519 2844 568 2881 ad
585 2843 683 2880 hunc
701 2844 851 2895 librum,
880 2846 946 2882 sed
967 2845 1015 2880 ad
1038 2843 1146 2880 alium
1170 2844 1218 2881 de
1235 2844 1435 2895 originibus
1463 2845 1567 2896 Cpo-
