1864 3164
237 197 335 243 226
449 197 726 242 GRETSERI
748 198 819 241 ET
845 197 1020 241 GOARI
1038 196 1480 240 COMMENTARIUS

335 317 368 351 p.
381 305 425 341 13
435 316 469 343 v.
481 306 535 340 12.
553 317 630 340 num
641 304 833 339 caecutiunt
845 303 959 337 Iunius
971 305 1007 338 et
1021 314 1197 348 sequaces,
1213 303 1271 348 qui
1282 301 1460 338 discrimen
1469 301 1558 337 inter
1568 302 1700 338 colores

246 362 373 397 ponere
394 352 590 396 nequeant?
637 351 721 385 alius
745 354 797 383 est
819 349 905 383 enim
927 360 1117 395 purpureus
1142 349 1199 383 vel
1219 352 1257 384 ut
1279 348 1546 383 commentarium
1580 349 1700 382 scribit

245 398 501 431 rubentissimus
536 398 650 439 color,
683 395 767 429 alius
793 396 975 429 violaceus.
1022 395 1064 429 ad
1095 393 1290 440 baphiorum
1312 394 1461 429 tribunal
1485 404 1619 428 causam
1643 405 1701 428 re-

247 443 335 476 sero.
380 442 428 476 illi
451 442 483 475 si
504 441 638 488 vulgari
661 442 870 474 Graecorum
897 440 1013 484 lingua
1035 440 1228 474 sententiam
1251 440 1434 484 enuntient,
1458 438 1598 485 primum
1613 436 1697 473 κόκ-

249 499 378 531 κινον,
401 487 579 521 secundum
605 483 670 528 ὀξύ
694 486 844 520 sancient
866 487 1073 529 vocaudum3
1104 486 1447 530 suffragabunturque
1471 484 1701 528 Hieronymus

248 533 437 566 Germanus
471 537 506 566 et
545 533 662 566 Simon
699 532 835 565 Portius
872 531 906 564 in
934 531 1051 567 lexicis
1082 531 1380 565 Graecobarbaris.
1431 529 1556 574 decipit
1584 529 1725 574 itaque

248 578 335 658 Ιυιὶίἰ
358 577 580 613 testimonium
604 589 624 613 a
648 578 814 612 Gretsero
837 578 1034 623 probatum,
1065 577 1121 612 ubi
1144 577 1210 611 ait:
1244 573 1287 612 τὸ
1319 572 1386 620 ὀξύ
1407 576 1478 611 υἱιη
1499 575 1702 611 intendendi

249 625 295 658 ha
319 628 363 659 et.

359 692 407 732 ib.
417 706 451 731 v.
469 691 530 734 14.
552 690 767 744 μουζάκιον
787 697 845 731 est
861 695 1056 741 mosaicam,
1074 695 1245 731 musivum
1257 703 1354 743 opus:
1367 693 1474 728 erant
1488 702 1578 740 ergo
1591 688 1701 728 calcei

247 750 309 786 isti
340 749 428 801 picti
456 750 563 798 quasi
590 750 638 787 de
665 750 827 799 musivo,
853 751 941 799 quia
967 749 1151 803 punctulis
1180 746 1458 786 versicoloribus
1479 746 1702 784 interstincti

247 809 364 843 erant.
397 806 616 843 recentiores
638 806 770 844 Graeci
790 809 986 858 μουσιοῦν
999 805 1067 847 καὶ
1091 803 1156 845 διὰ
1177 805 1355 857 μουσίων
1372 803 1628 850 καλλωπίζειν
1646 802 1702 840 di-

247 866 347 899 cunt.
386 866 426 899 et
452 865 495 898 ut
524 862 582 899 hic
610 862 725 900 habes
762 859 1002 914 ὑποδήματα
1029 858 1241 913 μουζάκια,
1266 861 1319 898 sic
1347 860 1449 911 apud
1477 858 1702 899 Trebellium

247 917 450 955 Pollionem
469 919 507 954 in
529 918 633 956 Tetr.
663 919 742 956 Iun.
772 922 830 956 est
854 931 978 957 corona
991 921 1171 970 picturata
1189 918 1231 955 de
1247 930 1374 956 musco-

338 993 423 1029 ibid.
483 993 584 1027 mirus
616 993 809 1027 tessellator
848 992 1037 1035 Meua-sius,
1079 993 1134 1038 qui
1179 992 1309 1026 musivo
1348 1000 1453 1036 opere
1483 988 1617 1023 calceos
1648 987 1703 1022 af·-

247 1037 349 1072 fabre
372 1039 576 1083 compositos
607 1039 733 1071 vendit.
781 1042 818 1071 at
848 1049 913 1071 non
946 1038 1167 1084 compositos,
1199 1037 1330 1082 inquiet
1362 1035 1467 1078 alius,
1499 1034 1559 1068 sed
1591 1033 1702 1079 pictos

248 1084 346 1128 quasi
369 1085 412 1118 de
434 1084 588 1127 musivo,
618 1095 681 1118 ceu
709 1083 877 1128 punctulis
901 1084 1159 1118 versicoloribus
1191 1083 1437 1117 interstinctus.
1480 1080 1607 1114 rectius
1630 1091 1704 1113 om-

247 1130 328 1162 nino
352 1129 452 1162 fictos
475 1129 626 1163 dixisset.
672 1129 753 1174 quid
776 1128 879 1172 igitur
909 1127 1132 1174 ὑποδήματα
1165 1125 1373 1173 μουζοὲκιαὲ
1418 1135 1525 1170 genus
1556 1126 1704 1159 Sarace-

248 1174 313 1207 nici
335 1174 570 1219 calceamenti,
594 1174 686 1208 cuius
712 1185 791 1208 usus
815 1186 836 1208 a
860 1174 1005 1209 Graecis
1023 1174 1219 1220 peregrinos
1242 1184 1352 1208 mores
1377 1171 1484 1207 facile·
1494 1169 1703 1205 imitantibus

248 1223 325 1252 erat
346 1219 412 1253 iam
444 1219 565 1253 Codiui
598 1224 749 1264 tempore
779 1219 813 1252 in
842 1220 966 1254 curiam
1000 1221 1058 1254 ΟΡ
1088 1220 1262 1264 invectus,
1293 1218 1507 1264 crepidisque
1538 1215 1703 1250 tibialium

249 1275 341 1298 more
364 1275 426 1299 ceu
449 1265 558 1299 levior
581 1275 622 1298 ac
645 1265 774 1299 mollior
797 1266 981 1300 cothurnus
1003 1266 1090 1300 solet
1113 1265 1256 1300 immitti.

358 1335 406 1373 ib.
434 1346 467 1372 ν.
496 1333 580 1399 15⁸.
597 1333 916 1387 πτερνιστηρίων]
956 1335 1054 1373 forte
1091 1335 1288 1386 legendum
1327 1330 1645 1389 πτερνιστήρων,
1680 1347 1704 1374 a

248 1394 350 1428 recto
370 1402 615 1444 πτερνιστηρ.

338 1465 648 1510 πτερνιστηρίων]
681 1465 859 1500 retinenda
888 1465 1012 1506 lectio,
1047 1476 1110 1499 nec
1148 1461 1421 1508 πτερνιστήρων
1449 1464 1702 1501 substituenda:

247 1510 398 1554 gaudent
428 1511 513 1545 enim
546 1511 673 1545 Graeci
707 1512 834 1545 neutris
863 1510 1049 1544 huiusmodi
1082 1521 1103 1543 a
1140 1510 1329 1544 masculinis
1362 1510 1536 1548 derivatis.
1576 1511 1626 1547 sic
1646 1510 1701 1545 di-

249 1561 332 1591 cunt
354 1555 518 1601 φοίνικες
538 1560 573 1590 et
595 1556 779 1601 φοινίκια,
800 1559 916 1601 χεῖρες
937 1560 974 1590 et
992 1553 1117 1600 χέρια,
1138 1553 1251 1596 πόδες
1268 1560 1304 1590 et
1323 1552 1439 1591 πόὸιοι
1460 1561 1528 1592 etc.

359 1627 410 1664 ib.
434 1638 469 1664 v.
501 1628 565 1668 16.
606 1625 696 1663 sella
726 1627 811 1675 equi
839 1627 916 1663 sive
949 1626 1164 1677 ephippium
1194 1625 1246 1678 (v.
1281 1625 1494 1665 Meursium.
1531 1624 1700 1678 GoAR.);

247 1678 502 1735 ἷδρομᾶχιον,
527 1686 567 1719 et
582 1686 730 1732 tegmen
745 1683 872 1720 sudori
894 1683 1057 1721 cavendo
1072 1686 1110 1719 et
1130 1681 1177 1720 ab
1191 1681 1295 1731 equis
1313 1683 1484 1721 arcendo.

338 1762 374 1794 p.
391 1750 435 1784 14
452 1761 487 1787 v,
504 1751 538 1785 2.
563 1761 623 1784 cur
647 1749 815 1784 Meursius
837 1749 1020 1794 stragulam
1043 1747 1199 1795 ephippio
1223 1749 1428 1783 substratam
1452 1748 1496 1783 ad
1518 1748 1701 1794 prohiben-

247 1795 325 1828 dum
348 1795 426 1839 equi
449 1795 605 1829 sudorem
625 1792 669 1829 τὸ
694 1792 913 1839 ἷὸρομάχιον
939 1799 1106 1839 exponat,
1141 1805 1208 1828 non
1226 1794 1347 1828 videm
1381 1794 1439 1840 qui
1473 1805 1547 1828 nam
1572 1805 1614 1828 ue
1639 1793 1701 1828 de-

248 1840 359 1884 pictae
381 1840 417 1874 in
440 1852 482 1874 ea
506 1840 712 1874 effulsissent
734 1841 896 1885 aquilae?
941 1840 1065 1874 clarius
1091 1845 1184 1873 certe
1205 1839 1313 1873 nitent
1332 1838 1368 1872 in
1391 1839 1464 1874 aliis
1479 1851 1499 1873 e
1521 1851 1557 1873 se
1571 1839 1605 1873 la
1617 1850 1702 1884 pen-

247 1885 404 1919 dentibus
432 1886 651 1930 ornamentis,
683 1897 771 1931 quae
798 1885 937 1931 propius
968 1885 1186 1919 exsudantem
1217 1895 1339 1930 equum
1373 1885 1545 1929 attingunt
1571 1889 1607 1918 et
1630 1884 1701 1918 eius

246 1935 428 1974 exten-gunt
449 1931 614 1966 sudorem.

358 1988 592 2038 Mar-gellium
625 1990 684 2026 hic
713 1994 770 2026 est
797 1992 1028 2037 segmentum
1059 1988 1191 2025 diversi
1220 1987 1373 2037 coloris,
1401 1986 1512 2024 sellae
1545 1991 1633 2024 ante
1661 1991 1701 2025 et

246 2040 349 2081 retro
379 2044 566 2081 insertum.
613 2049 713 2081 errat
748 2045 893 2091 Iunius,
924 2057 1006 2080 cum
1030 2044 1143 2080 verba
1172 2044 1246 2080 ista
1272 2043 1340 2082 καὶ
1370 2042 1427 2089 εἰς
1456 2040 1505 2082 τοὶ
1532 2043 1700 2095 τέσσαρα

246 2099 345 2152 μέρη
374 2100 534 2149 seiungit
561 2113 583 2137 a
611 2101 775 2150 proxime
811 2099 1133 2144 antecedentibu33
1163 2099 1290 2147 itaque
1323 2100 1457 2147 vertit,
1483 2098 1541 2135 vel
1574 2100 1698 2150 potius

246 2156 436 2207 pervertit,
454 2156 504 2194 ad
525 2159 688 2206 quattuor
705 2167 783 2192 vero
801 2155 913 2193 latera
926 2157 1098 2203 sagmata}
1111 2155 1283 2193 sudatoria·
1300 2155 1424 2193 habens
1439 2156 1545 2193 etiam
1565 2159 1699 2194 textum

247 2225 264 2249 c
282 2213 488 2261 margaritis
501 2215 582 2249 aute
595 2215 627 2248 et
645 2224 733 2261 ponc
756 2215 825 2247 etc.

358 2292 394 2330 p.
418 2277 469 2319 14
489 2291 521 2315 v.
542 2276 579 2318 4.
616 2275 884 2329 κοπριτόριον]
914 2288 984 2314 vox
1013 2289 1112 2314 mere
1138 2275 1296 2327 Latina,
1328 2279 1586 2329 coopertorium.
1624 2277 1699 2315 Pli-

247 2335 329 2372 nius
350 2334 582 2385 cooperculum
603 2333 703 2371 dixit.
728 2337 826 2371 errat
855 2332 1004 2382 Iunius,
1034 2335 1096 2383 qui
1125 2329 1407 2387 κοπριτούριον
1426 2335 1543 2372 edidit
1571 2335 1698 2372 vertit-

250 2403 322 2440 que
333 2391 551 2443 postilenam.
580 2391 652 2428 viri
669 2389 784 2438 docti,
811 2389 932 2437 inquit
952 2389 1202 2439 Glossarium,
1226 2391 1402 2441 putarunt
1419 2387 1698 2443 κοπριτούριον

248 2460 318 2484 esse
335 2448 506 2486 Graecam
519 2458 649 2494 vocem,
677 2442 784 2498 παροὶ
801 2447 871 2495 τῆς
892 2443 1041 2498 κόπρου
1062 2445 1130 2486 καὶ
1153 2442 1298 2497 ου’ρᾶς,
1326 2445 1385 2484 ced
1402 2447 1572 2495 analogia
1590 2459 1697 2496 repu-

247 2508 359 2552 gnat:
387 2507 471 2541 tunc
492 2504 581 2540 enim
601 2496 859 2555 κοπριούριον
876 2501 985 2551 foret.
1018 2504 1136 2552 itaque
1162 2515 1228 2539 non
1256 2505 1307 2539 est
1338 2501 1428 2552 quod
1440 2502 1695 2552 fimocaudium

246 2561 510 2610 interpretentur
523 2562 555 2596 et
573 2557 777 2608 postilenam
801 2570 870 2594 esse
889 2557 1020 2595 dicant.
1049 2557 1140 2595 haec
1167 2558 1308 2608 spicula
1330 2558 1368 2594 in
1395 2557 1539 2595 Iunium
1561 2557 1696 2594 directe

247 2614 388 2652 directa
406 2619 517 2663 sunt,
546 2627 568 2651 a
589 2614 798 2664 professore
820 2611 993 2650 Leidensi
1017 2613 1054 2651 in
1086 2614 1330 2664 professorem
1351 2612 1435 2651 olim
1465 2611 1694 2651 Leidensem.

337 2677 507 2711 Meursius
539 2690 597 2712 coo
623 2679 803 2721 ertmium,
839 2686 872 2711 et
903 2688 945 2710 ex
977 2677 1086 2711 Plinio
1118 2679 1351 2723 cooperculum
1391 2676 1512 2711 Latine
1540 2675 1695 2711 reddidit.

246 2722 369 2756 Latine
391 2723 497 2767 magis
519 2724 602 2758 simu
635 2735 677 2758 ac
693 2724 828 2758 Graece
847 2722 986 2756 dixisset
1001 2724 1252 2768 ephippiarium
1267 2723 1478 2768 stragulum.

335 2778 420 2813 ibid.
445 2777 594 2825 σκάλαι]
631 2779 759 2815 duobus
782 2790 803 2814 a
825 2778 975 2813 Meursio
998 2779 1093 2814 vocis
1115 2779 1251 2820 σκοέλας
1274 2779 1398 2813 notatis
1421 2777 1595 2818 sensibus,
1618 2789 1694 2812 sca-

245 2824 302 2859 lae
331 2823 482 2858 nimirum
514 2830 548 2860 et
578 2826 740 2870 navalis,
771 2825 888 2861 tertius
915 2826 1067 2871 stapedie
1095 2829 1164 2861 tum
1196 2837 1239 2861 ex
1269 2824 1441 2872 praesenti
1461 2827 1532 2858 tum
1560 2833 1603 2858 ex
1627 2823 1693 2858 alio
