1864 3164
293 171 393 220 416

292 280 541 325 lustinianeum,
557 282 677 330 capitis
693 284 867 327 gestamen
887 283 994 331 impe-

337 328 492 362 ratorium
515 328 581 370 51,
605 330 640 364 2.
664 331 745 365 290.

288 372 489 407 lastinianus
512 385 681 408 numerum
714 373 832 408 definit
853 373 994 409 clerico-

333 429 404 453 rum
431 421 506 456 11⁹2.
545 421 687 465 patriam
722 420 870 454 Achrida
895 432 993 455 exor-

332 470 390 498 nat
413 471 448 498 et
472 465 582 508 plures
607 465 707 500 urbes
732 477 752 499 a
775 477 813 499 se
838 465 992 501 iustinia-

330 521 390 543 nas
422 510 503 543 dicit
544 513 623 546 375.
655 510 820 545 ecclesiae
852 523 992 556 maguae

331 555 465 589 trullam
490 556 653 590 construit
672 555 751 592 242.

287 600 431 635 Iustinus
455 602 575 635 trullae
599 613 679 635 casu
710 601 831 636 soleam
855 601 991 636 commi-

331 651 444 680 nutum
467 647 543 690 pari
566 648 682 693 nequit
698 659 858 693 reparare
875 649 989 694 splen-

331 693 413 725 dore
436 693 515 727 361.
541 693 645 727 eidem
669 694 885 728 acclamatum
909 695 988 731 278.

284 737 412 771 iuvenis
435 738 596 784 despotae
618 739 751 773 habitus
776 740 837 781 14,
865 742 920 776 12.

284 783 434 816 labarum
475 784 564 829 apud
600 785 754 818 Graecos
788 786 989 830 posteriores

329 828 468 862 desiisse
499 829 633 863 videtur
664 831 743 866 283.
780 831 896 876 illique
930 843 989 866 re·

329 874 496 919 spondere
534 873 716 921 ὃιβέλλιον
758 887 819 910 seu
857 877 988 920 gemino

331 921 406 960 velo
440 925 596 954 constans
623 922 780 956 vexillum
802 923 884 957 ibid.
911 924 988 957 269.

283 966 423 1000 lacinias
466 966 539 1000 sine
584 967 749 1001 lemniscis
794 968 989 1002 militaribus

331 1012 433 1045 habet
452 1012 588 1047 ruchum
611 1013 772 1058 despotae
793 1014 852 1053 13,
876 1015 908 1047 9.
934 1016 987 1048 10.

284 1056 509 1102 lampadarius
536 1058 700 1112 duplicem
731 1059 904 1104 ampullam
928 1070 988 1093 au-

330 1114 420 1137 ream
457 1108 550 1137 tenet
582 1115 616 1138 1n
653 1105 746 1148 vigil.
777 1104 907 1140 nativit.
931 1105 989 1146 44,

330 1151 385 1183 10.
427 1150 574 1183 ascendit
611 1149 646 1183 in
688 1150 869 1184 oratorium
913 1161 987 1185 cum

328 1194 475 1239 despotis
497 1196 561 1238 49,
585 1196 636 1230 13.
654 1195 746 1229 tollit
762 1196 889 1229 fercula
914 1207 986 1230 cum

327 1240 527 1284 domestico,
574 1241 778 1282 lectoribus,
826 1252 988 1275 canonar-

327 1285 398 1318 chis
427 1287 490 1326 60,
531 1287 584 1321 17.
616 1286 650 1319 in
684 1287 772 1319 festo
803 1287 986 1331 palmarum

324 1331 420 1374 prior
450 1331 544 1364 venit
573 1331 606 1364 in
647 1331 872 1365 ambulacrum
906 1343 986 1364 can-

325 1382 401 1409 tans
435 1377 498 1418 68,
538 1378 571 1410 1.
606 1376 723 1410 differt
755 1388 775 1410 a
811 1378 984 1421 praefecto

323 1421 478 1455 luminum
506 1423 581 1457 145.
607 1428 683 1457 erat
713 1421 860 1456 officium
891 1422 985 1467 pala-

323 1467 428 1500 tinum
451 1468 533 1501 ibid.

279 1512 407 1557 lampas
434 1523 575 1547 accensa
598 1513 855 1558 praeferebatur
878 1511 985 1557 impe-

323 1558 428 1592 ratori
470 1558 546 1593 145.
580 1570 668 1603 quae
700 1569 825 1592 corona
859 1557 985 1603 duplici

322 1609 397 1637 erat
423 1603 532 1638 cincta
557 1605 600 1638 ob
637 1615 747 1638 curam
781 1603 985 1638 ecclesiasti-

324 1661 439 1683 corum
481 1654 517 1684 et
564 1650 772 1695 politicorum
810 1651 890 1685 278.
941 1649 984 1683 de

322 1695 436 1729 aureis
464 1699 499 1730 et
536 1696 707 1740 argenteis
746 1695 983 1740 stephanomas

322 1741 446 1774 circum
487 1752 561 1775 eam
603 1742 687 1776 ibid.
721 1741 847 1785 lampas
883 1741 983 1775 etiam

320 1787 473 1831 praelata
513 1793 551 1821 ut
592 1787 672 1820 boni
711 1785 855 1831 exempli
894 1789 984 1820 esset

321 1832 398 1876 imp.
424 1832 488 1874 51,
520 1833 572 1867 16.
612 1833 681 1866 eius
704 1841 880 1877 supremae
907 1843 983 1876 par-

321 1882 375 1911 tes
397 1889 444 1914 ss.
470 1879 626 1911 crucibus
655 1879 841 1921 coccineis,
867 1877 984 1911 cinna-

320 1923 396 1960 bari
434 1928 469 1956 et
505 1925 644 1957 bractea
677 1928 818 1957 ornatae
851 1923 916 1964 45,
950 1925 984 1959 2.

320 1969 506 2013 lampadem
536 1969 570 2002 in
609 1969 786 2014 epiphania
815 1968 894 2013 imp.
925 1968 984 2001 dat

321 2014 519 2058 patriarcha
545 2014 609 2056 65,
633 2016 667 2051 6.
693 2018 786 2048 tenet
809 2014 842 2046 in
867 2013 983 2058 palmis

321 2061 386 2101 67,
411 2061 466 2093 18.
487 2063 521 2092 et
543 2059 586 2092 ad
609 2060 783 2093 lectionem
813 2061 857 2094 12
879 2070 984 2092 evan-

320 2104 484 2146 geliorum
508 2105 570 2137 fer.
595 2105 714 2149 quinta.
737 2115 876 2147 magnae
900 2104 982 2136 heb-

320 2150 408 2183 dom.
433 2150 471 2182 71
488 2174 498 2191 ,
525 2149 578 2182 14.
603 2151 659 2183 23.
687 2154 722 2182 et
740 2150 802 2182 sub
819 2148 981 2182 matutino

320 2194 471 2240 paschali
495 2194 559 2234 73,
582 2195 635 2228 12.
659 2194 828 2239 lampades
850 2194 886 2226 in
908 2193 981 2237 epi-

319 2239 463 2285 phaniae
486 2238 600 2273 officio
628 2239 727 2273 etiam
758 2238 873 2272 aulicis
897 2239 981 2272 dan-

320 2291 376 2320 tur
399 2285 464 2327 65,
498 2285 531 2320 8.
569 2284 694 2329 lampas
724 2294 797 2317 cum
831 2283 981 2328 simplice

319 2342 443 2364 corona
474 2330 724 2375 praeferebatur
755 2330 980 2374 patriarchae,

319 2376 572 2422 archiepiscopo
597 2375 792 2419 Bulgariae‚
816 2375 923 2420 Cypri
944 2381 979 2408 et

317 2421 524 2468 imperatrici
549 2422 592 2455 ob
619 2421 798 2466 simplicem
824 2426 977 2465 potesta-

315 2472 383 2501 tem
415 2469 493 2502 278.
529 2467 720 2512 patriarcha
753 2466 852 2500 etiam
883 2471 979 2500 extra

315 2524 433 2558 propr.
457 2513 624 2546 dioecesin
639 2513 712 2546 ibat
728 2511 880 2557 lampade
895 2522 977 2544 con-

317 2559 453 2603 spicuus
475 2559 556 2592 ibid.
584 2558 752 2603 lampades
783 2558 976 2601 praeferun-

316 2609 373 2636 tur
397 2615 424 2637 s.
458 2604 628 2648 evangelio
658 2604 692 2637 in
723 2605 893 2637 ambonem
915 2603 974 2636 de-

314 2648 384 2682 lato
411 2651 486 2683 160.
511 2655 547 2683 et
571 2649 674 2683 sacris
701 2649 796 2682 donis
825 2650 899 2684 161.

269 2693 441 2728 lanceolae
463 2705 540 2728 usus
563 2695 597 2728 in
620 2695 772 2728 antidoto
796 2695 875 2730 365.

270 2739 438 2783 lapatzam
479 2740 577 2773 unica
614 2740 806 2774 adstrictam
851 2738 976 2773 manica

317 2785 385 2818 fert
401 2797 538 2828 magnus
563 2786 763 2819 domesticus
776 2813 783 2826 ,
807 2785 862 2819 alii
881 2790 975 2818 utra-

319 2841 385 2875 que
407 2830 599 2866 adstrictam
621 2833 687 2875 64,
713 2831 735 2867 3
751 2849 796 2857 -—
810 2834 843 2867 7.

884 175 1156 220 GRETSERI

1038 295 1102 330 pro
1124 283 1236 339 lapide
1258 287 1453 321 consecrato
1484 296 1544 321 seu
1574 298 1636 322 ara
1655 298 1740 334 por-

1083 330 1170 411 tzatgh
1189 331 1368 366 utebantur
1390 331 1594 368 antimensiis
1611 334 1740 370 Graeci

1036 421 1149 456 laurus
1162 421 1336 503 ξὲετςίωι·
1346 422 1380 458 in
1393 432 1512 469 magno
1527 422 1667 459 sabbato
1681 424 1741 468 72,

1081 469 1137 503 21.
1218 492 1229 509 ‚
1253 470 1284 503 1.
1487 494 1490 497 ι

1036 513 1076 549 S.
1110 513 1234 547 Lazari
1266 513 1478 548 resuscitatio
1508 517 1544 549 et
1567 518 1738 550 monaste-

1081 558 1165 592 rium
1188 560 1231 593 ab
1254 558 1332 604 imp.
1357 559 1548 595 celebramu-
1565 561 1629 603 82,
1652 562 1686 597 7.
1705 563 1738 598 8.

1034 603 1183 638 Lazarus
1216 605 1406 649 patriarcha
1442 605 1491 640 Io.
1525 606 1738 640 Cantacuze-

1079 661 1155 684 num
1186 654 1326 684 coronat
1355 649 1575 697 Adrianopoli
1602 652 1683 687 368.

1032 695 1112 730 lecti
1147 696 1187 730 19
1221 696 1419 730 tricliniares
1451 707 1572 731 nomen
1613 697 1737 743 palatio

1080 741 1345 776 decaenneorum
1375 742 1584 778 accubituum
1614 743 1739 778 dedere

1033 831 1179 867 lectores
1199 843 1266 866 non
1299 843 1402 878 supra
1431 833 1497 868 110
1523 833 1737 878 lastinianus,

1079 877 1124 912 ad
1149 879 1214 913 160
1239 879 1402 923 permittit
1424 878 1458 912 in
1491 878 1634 912 ecclesia
1665 890 1736 913 ma-

1077 933 1144 967 gna
1167 923 1343 958 Heraclius
1367 925 1445 960 112.
1468 935 1581 959 eorum
1603 924 1738 959 habitus

1077 974 1114 1003 et
1140 969 1354 1003 ministerium
1384 969 1419 1003 in
1453 969 1577 1015 palatio
1610 970 1675 1012 44,
1700 973 1736 1007 7.

1077 1014 1200 1048 tollunt
1222 1014 1350 1048 fercula
1368 1016 1432 1057 60,
1453 1017 1520 1051 22.
1551 1015 1679 1050 laurum
1700 1015 1736 1050 in

1076 1060 1218 1094 sabbato
1254 1071 1373 1104 magno
1403 1064 1482 1094 ante
1519 1060 1599 1115 imp.
1632 1072 1734 1105 spar-

1076 1111 1161 1185 gunt
1189 1106 1255 1151 72,
1287 1108 1343 1141 21.
1376 1116 1491 1140 eorum
1523 1106 1734 1152 primicerius

1030 1176 1170 1230 lectiam
1194 1206 1251 1230 seu
1268 1195 1446 1241 pulpitum,
1461 1196 1661 1241 analogium,
1675 1207 1736 1231 su-

1076 1253 1139 1286 per
1161 1252 1228 1286 quo
1251 1241 1375 1286 legitur
1398 1242 1476 1278 274.

1029 1286 1097 1330 legi
1120 1287 1278 1330 antiquae
1300 1287 1484 1331 respondet
1504 1287 1640 1331 antiqua
1663 1292 1734 1321 tra-

1074 1331 1156 1364 ditio
1185 1331 1347 1376 operandi
1372 1331 1478 1366 sacris
1505 1333 1608 1366 etiam
1641 1337 1733 1366 tecto

1074 1376 1184 1421 capite
1209 1376 1253 1410 ob
1286 1376 1480 1420 mysterium
1513 1378 1653 1421 spineae
1672 1389 1731 1411 co-

1074 1432 1197 1463 ronae,
1225 1426 1285 1455 aut
1321 1421 1450 1456 sudarii
1489 1432 1593 1468 supra
1631 1426 1733 1468 caput

1077 1466 1206 1500 Christi
1230 1468 1307 1501 169.

1030 1511 1103 1546 Leo
1128 1513 1266 1546 Isaurus
1282 1515 1317 1547 et
1334 1511 1509 1547 Armenius
1528 1512 1734 1548 iconomachi

1073 1557 1151 1594 345.
1173 1558 1254 1594 346.
1276 1568 1342 1592 una
1367 1569 1440 1593 cum
1461 1558 1530 1592 filio
1552 1559 1640 1604 perit
1661 1563 1735 1593 tur-

1073 1603 1161 1648 piter
1183 1604 1266 1638 ibid.
1301 1604 1364 1638 sub
1400 1604 1477 1638 eod.
1509 1604 1626 1638 Isauro
1651 1605 1733 1638 urbs

1073 1648 1247 1683 obsidetur
1269 1653 1304 1684 et
1326 1650 1362 1686 b.
1392 1649 1480 1694 virg.
1511 1661 1578 1695 ope
1610 1650 1732 1684 libera-

1073 1699 1130 1728 tur
1152 1695 1234 1731 323.

1026 1739 1098 1774 Leo
1116 1751 1254 1785 magnus
1277 1739 1355 1786 imp.
1378 1740 1414 1774 in
1435 1739 1631 1775 Blachernis
1647 1742 1734 1775 tem-

1072 1786 1163 1831 plum
1186 1786 1348 1831 deiparae
1368 1786 1492 1820 struxit
1513 1788 1593 1821 272⁸.

1027 1831 1100 1866 Leo
1124 1831 1341 1876 philosophus
1364 1832 1402 1866 S.
1426 1831 1558 1865 Lazaro
1573 1832 1730 1877 templum

1073 1877 1196 1911 struxit
1226 1878 1305 1913 347.
1344 1878 1376 1910 ei
1408 1882 1559 1911 structae
1590 1877 1732 1911 insidiae

1075 1924 1152 1958 119.
1194 1923 1271 1958 120.

1074 1968 1172 2001 titulo
1194 1967 1295 2002 finxit
1318 1968 1395 2004 175.

1029 2013 1142 2046 leones
1164 2013 1280 2047 solium
1302 2013 1335 2046 in
1350 2013 1516 2057 Megaura
1536 2011 1732 2046 custodiunt

1026 2102 1204 2136 Leonidem
1243 2101 1389 2137 baiulum
1424 2101 1614 2136 Alexander
1645 2113 1730 2148 puer

1068 2148 1218 2182 imitatus
1249 2147 1428 2182 emendare
1463 2159 1569 2182 senex
1600 2148 1730 2193 nequiit

1023 2238 1157 2272 litaniae
1180 2237 1295 2272 variae
1316 2237 1380 2282 79,
1403 2239 1461 2274 21.
1482 2238 1525 2273 iis
1548 2237 1652 2272 debet
1667 2249 1728 2283 pe-

1070 2284 1129 2317 des
1153 2283 1318 2317 interesse
1341 2283 1420 2329 imp.
1438 2284 1471 2318 in
1487 2284 1602 2328 palmis
1619 2286 1675 2327 70,
1693 2285 1727 2318 1.

1023 2329 1162 2373 liturgia
1195 2330 1229 2363 in
1258 2329 1353 2373 vigil.
1390 2329 1522 2364 nativit.
1561 2328 1725 2383 quomodo

1069 2375 1260 2409 celebretur
1291 2380 1326 2408 et
1354 2375 1388 2409 in
1418 2375 1551 2410 nativit.
1572 2374 1726 2420 msa-¹46,

1068 2423 1124 2475 18.
1161 2423 1219 2456 22.
1258 2420 1326 2462 47,
1361 2424 1379 2456 1
1402 2431 1475 2474 sqq.
1512 2431 1580 2474 quo
1610 2419 1726 2453 habitu

1067 2478 1110 2545 ¹1:3¹
1114 2470 1563 2556 ‘xdttfissgssffizffffiffiz‘ss
1577 2465 1725 2556 {2393ss

1069 2557 1156 2591 tinas
1190 2561 1323 2601 gestant
1352 2556 1520 2591 flammula
1555 2556 1637 2591 ibid.
1667 2557 1724 2590 21.

1066 2608 1146 2647 post
1167 2603 1334 2646 liturgiam
1349 2603 1382 2636 in
1399 2601 1575 2648 epiphania
1589 2601 1628 2634 fit
1642 2611 1725 2634 con-

1068 2649 1210 2682 secratio
1233 2659 1340 2692 aquae
1362 2647 1428 2691 64,
1457 2649 1511 2686 21..
1542 2647 1576 2680 in
1603 2645 1724 2690 palmis

1068 2694 1157 2727 nulla
1182 2695 1248 2735 69,
1273 2698 1303 2728 1.
1328 2693 1361 2727 in
1384 2693 1542 2738 paschate
1572 2691 1724 2736 psallitur

1067 2740 1170 2774 tacite
1200 2739 1263 2781 74,
1296 2740 1351 2773 16.
1388 2739 1454 2780 76,
1492 2739 1525 2772 8.
1557 2737 1723 2780 liturgiam

1068 2784 1122 2817 die
1145 2784 1256 2828 magni
1279 2782 1513 2828 chrysostomi
1539 2781 1616 2827 imp.
1634 2781 1725 2814 audit

1044 2829 1099 2863 -in
1137 2831 1176 2866 S.
1211 2829 1360 2876 Sophiae
1393 2831 1459 2871 80,
1493 2829 1548 2864 11.
1585 2827 1724 2872 aliisque

1311 1921 1603 1968 βασιλεοπάτορα
1641 1933 1729 1956 vano
