1864 3164
318 186 415 232 2530
533 187 807 232 GRETSERI
825 187 897 231 ET
919 185 1096 231 GOARI
1114 186 1558 232 COMMENTARIUS

314 293 414 329 mium
443 293 590 339 drungos
614 294 768 336 ordinat3
796 293 966 329 amiralius
987 294 1050 329 toti
1075 293 1190 330 navali
1205 295 1366 331 exercitui
1382 296 1539 332 vexillum
1555 296 1629 331 sive
1641 295 1771 342 regium

314 340 482 374 flamulum
507 341 680 386 praefert3
706 343 914 386 protocomes
938 340 1082 385 remiges
1107 353 1220 376 omnes
1246 343 1308 377 sub
1332 354 1394 376 sua
1419 343 1639 388 dispositione
1654 346 1770 386 tenet;

314 386 514 430 drungarius
540 391 666 421 certum
692 386 875 421 triremium
897 387 952 420 vel
979 387 1111 421 navium
1135 398 1304 422 numerum
1320 389 1505 432 gubernat,
1527 388 1701 423 duodecim
1719 389 1772 422 ni-

314 433 431 466 mirum
464 436 524 467 aut
556 432 768 477 quindecim;
806 444 918 466 comes
950 437 1110 477 quattuor
1139 438 1201 468 aut
1229 434 1378 479 quinque
1408 434 1561 469 triremes
1590 435 1769 480 gubernat.

312 478 397 511 haec
420 490 461 511 ex
488 478 660 523 hucusque
686 477 828 523 sparsim
855 477 973 512 dictis:
1005 477 1049 512 ad
1073 478 1140 512 alia
1161 479 1423 526 properandum.

407 557 443 590 p.
464 546 509 580 29
524 556 560 579 v.
579 545 612 580 1.
645 541 751 589 φέρει
778 540 847 589 τὴν
868 545 936 580 τοῦ
959 542 1133 591 βασιλέως
1165 543 1330 591 σπάθην]
1366 545 1604 581 Francicorum
1637 546 1772 582 exerei-

312 594 405 624 tuum
430 602 557 624 summo
581 591 731 636 praetori
754 591 1026 635 (connestable),
1057 591 1115 636 qui
1147 592 1356 627 Graecorum
1379 603 1532 636 magnum
1554 592 1771 628 domesticum

310 641 480 681 exaequat
504 642 691 682 potestate,
723 648 765 671 ac
787 637 890 682 regiis
913 636 1008 682 equis
1030 641 1066 671 et
1089 638 1304 683 equisonibus
1337 639 1515 684 praefecto
1550 639 1685 683 (grand
1717 650 1769 673 es»-

311 690 426 726 cuyer)
440 709 451 726 ‚
474 682 530 727 qui
555 686 834 728 protostratorem
855 683 889 716 in
913 682 1198 718 christianissima
1220 683 1314 717 curia
1338 683 1420 728 agit,
1442 683 1525 717 iuris
1544 684 1609 718 hoc
1624 695 1771 718 ’conces-

313 739 384 762 sum
410 733 448 762 ut
473 732 617 773 uterque
639 728 768 772 regium
791 740 907 762 ensem
929 734 1077 772 tractet,
1097 729 1155 763 ille
1178 729 1311 774 quidem
1334 729 1476 772 nudum,
1495 729 1550 763 hic
1572 730 1698 774 vagina
1720 733 1772 763 te-

311 778 404 807 ctum
429 777 463 807 et
487 774 600 808 balteo
625 774 736 808 serico
762 774 840 809 liliis
863 774 973 810 aureis
994 786 1148 820 resperso
1179 775 1405 821 pendentem3
1435 775 1479 810 de
1504 786 1570 822 quo
1593 775 1642 810 du
1664 776 1772 810 Hail-

311 820 396 862 lan,
422 819 603 854 Vulsonius
625 824 661 855 et
684 820 754 858 alii.

408 876 455 911 ib.
480 887 517 911 v,
540 877 574 911 3.
601 877 669 911 τοῦ
690 874 850 922 κόμητος
871 877 944 911 τῶν
972 876 1166 922 βασιλικῶν
1188 875 1326 921 ἵππων]
1353 875 1445 910 inter
1466 874 1674 921 στράτορας
1688 889 1771 923 pro—

314 922 491 975 tostratori
514 922 686 957 subiectos
708 923 911 970 praecipuus
942 928 995 957 est
1025 919 1139 967 κόμης
1171 922 1244 957 τῶν
1276 922 1472 969 βασιλικῶν
1501 922 1645 969 ἵππων,
1679 923 1770 959 idem

310 979 371 1014 qui
396 968 511 1012 equiso
536 970 670 1015 regius,

406 1026 454 1060 ib.
476 1037 511 1059 v.
537 1025 570 1062 4.
597 1022 618 1060 ὃ
643 1021 936 1069 πρωτοστροῖτωρ
957 1021 1032 1059 ἀπὸ
1059 1025 1127 1059 τοῦ
1149 1023 1301 1069 χαλινοῦ
1323 1023 1465 1071 λαβών]
1505 1024 1653 1059 Donatio
1677 1025 1767 1059 Con-

315 1070 480 1105 stantini:
509 1066 614 1115 ἡμεῖς
636 1068 678 1105 δὲ
701 1068 903 1115 στράτορος
924 1067 1100 1115 ὅφφίκιον
1123 1067 1372 1112 ὑπελθόντες,
1392 1070 1456 1105 καὶ
1477 1067 1523 1104 τά
1548 1067 1679 1115 χαλινοὶ
1700 1071 1770 1106 τοῦ

314 1115 433 1149 ἵππου
458 1113 576 1150 αὐτοῦ
597 1113 823 1172 κατέχοντες,
865 1117 931 1160 τῆς
963 1113 1076 1159 αὐλῆς
1099 1117 1172 1150 τῶν
1195 1113 1304 1157 ἷερῶν
1328 1113 1444 1150 αὐτοῦ
1466 1113 1584 1161 ἔξιμεν
1609 1113 1770 1151 ἄνακτό·

315 1173 408 1204 ρων,
434 1160 545 1196 αἰδοῖ
560 1160 624 1196 καὶ
648 1162 754 1208 φοβῳ
781 1162 849 1196 τοῦ
870 1161 1001 1204 κυρίου
1021 1173 1092 1206 μου
1116 1162 1183 1196 τοῦ
1206 1158 1316 1206 ἁγίου
1342 1158 1575 1206 συνεχόμενοι
1606 1159 1767 1204 Πέτρου.

313 1206 456 1241 Nicetas
479 1206 514 1241 in
537 1207 656 1242 Alexio
679 1209 722 1243 32
755 1203 775 1242 ὁ
802 1204 871 1251 μὲν
890 1206 1004 1248 ἵππος
1026 1205 1249 1253 προσάγεται
1272 1203 1375 1252 παρὰ
1397 1207 1467 1242 τοῦ
1489 1205 1767 1253 πρωτοστροῖτο-

314 1264 380 1298 ρος
402 1249 477 1288 α’πό
501 1253 569 1287 τοῦ
590 1253 744 1298 χαλινοῦ
765 1248 966 1294 ἑλκυσθείς.

401 1320 447 1354 ib.
465 1331 502 1357 v,
527 1321 561 1356 7.
587 1316 607 1354 ὁ
631 1317 742 1365 μέγας
762 1318 1047 1366 χαρτουλοὶριος]
1080 1332 1100 1355 e
1132 1320 1409 1356 chartulariorum
1436 1331 1572 1355 numero
1597 1332 1684 1366 pene
1705 1321 1770 1356 im-

309 1376 448 1408 menso,
473 1377 614 1410 quorum
637 1365 692 1400 alii
716 1377 851 1405 cursus,
889 1366 948 1400 alii
974 1366 1061 1400 sacri
1085 1367 1246 1408 cubiculi,
1283 1367 1339 1401 alii
1362 1367 1596 1410 magistrorum
1619 1366 1769 1412 peditum

310 1417 346 1444 et
373 1412 543 1456 equitum,
573 1411 628 1445 hic
657 1411 716 1456 qui
747 1411 952 1446 stabulorum
974 1412 1180 1456 intelligitur.
1227 1412 1310 1447 alias
1334 1413 1499 1457 quodnam
1520 1411 1586 1446 viri
1605 1413 1712 1456 togati
1734 1418 1770 1446 et

308 1457 442 1490 tubulas
466 1458 642 1491 tractantis
664 1457 710 1491 ad
732 1457 880 1491 militiam
903 1469 1007 1502 equos
1031 1463 1066 1492 et
1086 1468 1178 1491 arma
1209 1458 1442 1492 consortium?
1488 1457 1640 1502 suggerit
1669 1458 1769 1493 testi-

308 1502 453 1536 monium
476 1502 632 1536 Zonaras
653 1503 689 1536 in
713 1504 852 1537 isauro:
886 1503 1037 1538 Παῦλον
1067 1500 1131 1538 τὸν
1160 1503 1234 1537 τῶν
1259 1503 1454 1549 βασιλικῶν
1475 1502 1600 1537 ἵππων
1623 1498 1770 1537 ἐπιστα-

308 1549 447 1582 τοῦντα
471 1546 760 1603 (ῃαρτουλάριον
784 1545 807 1592 ἡ
828 1545 1022 1593 “Ρωμαι’ων
1052 1545 1131 1583 οἶδε
1165 1550 1299 1583 τοῦτον
1331 1545 1447 1592 λέγειν
1479 1545 1606 1592 φωνὴ)
1639 1548 1769 1590 πατρί-

307 1606 392 1628 κιον
417 1605 570 1639 τιμησας
590 1592 655 1628 καὶ
689 1590 893 1638 στρατηγὸν
923 1594 1102 1634 Σικελίας.
1150 1595 1282 1640 profert
1302 1594 1447 1629 Nicetas
1468 1594 1558 1628 aliud
1581 1594 1617 1628 iu
1638 1594 1770 1628 Isaacio

310 1639 466 1684 Angelo=
498 1640 668 1684 Χοῦμνος
689 1637 955 1684 χαρτουλοέριος
980 1634 1038 1674 ,ὧν
1068 1640 1141 1675 τῶν
1172 1637 1456 1684 ἱπποστοὶθμων.
1504 1640 1623 1674 subest
1649 1645 1769 1686 proto-

307 1685 449 1719 stratori
473 1690 509 1719 et
531 1686 751 1720 administrat.
799 1686 886 1720 hauc
909 1686 1026 1731 palatii
1049 1690 1181 1731 portam
1203 1685 1306 1730 nulli,
1337 1685 1400 1720 nisi
1421 1686 1603 1720 donaverit
1623 1685 1769 1728 impera-

305 1737 373 1773 tor,
399 1731 503 1776 equiti
517 1731 706 1777 praeterire
726 1731 818 1766 licet.
863 1732 1004 1766 Nicetas
1023 1731 1058 1765 iu
1080 1732 1261 1766 Manuale:
1282 1731 1427 1766 εἴσεισιν
1450 1727 1614 1776 ἀσμένως
1635 1730 1681 1766 τοὶ
1700 1731 1766 1775 βα-

303 1777 431 1811 σίλεια.
480 1772 520 1811 ἐν
551 1774 593 1811 δὲ
626 1777 682 1823 τῷ
711 1773 885 1820 παριέναι
914 1773 998 1821 μεθ’
1029 1777 1146 1811 ἵππου
1170 1773 1321 1823 ’Ἄραβος
1353 1773 1564 1834 ε’ριαύεχενος
1594 1788 1641 1811 τα
1675 1773 1766 1809 ἄνᾶ-

305 1834 423 1864 κτορα
456 1821 520 1857 καὶ
548 1820 691 1866 μέλλειν
727 1820 877 1857 εἰσιέναι
910 1820 975 1856 dm}
1006 1824 1072 1867 τῆς
1101 1821 1217 1867 πύλης
1248 1819 1334 1867 μεθ’
1363 1820 1411 1868 ἣν
1442 1835 1466 1868 η
1501 1818 1542 1857 ἐκ
1572 1822 1636 1867 τῆς
1658 1819 1769 1865 ἔδρας

305 1864 489 1913 α’πόβασις
512 1863 656 1912 ἐφεῖται
678 1865 806 1912 μόνοις
833 1871 912 1908 τοῖς
934 1865 1236 1912 αὐτοκράτορσιν.

395 1936 442 1969 ib.
467 1948 502 1969 v.
526 1937 560 1970 8.
585 1933 764 1980 πεζεύειν]
790 1948 832 1970 ex
857 1947 942 1979 equo
968 1935 1002 1968 in
1024 1941 1149 1968 terram
1171 1934 1328 1977 desilire,
1358 1938 1394 1968 et
1426 1930 1587 1979 πέζευμα
1610 1934 1704 1968 locus
1726 1934 1761 1968 in

305 1991 373 2024 quo
398 1980 600 2025 relinquitur
622 1993 728 2026 equus
754 1987 788 2015 et
810 1982 953 2026 pedibus
979 1981 1033 2014 via
1057 1981 1248 2016 conficitur.

417 2051 515 2088 ἰὰν.
542 2052 606 2092 16.
648 2047 819 2103 στρῶσια
852 2049 920 2090 καὶ
954 2045 1089 2103 συρτᾶ.
1127 2050 1217 2087 illud
1257 2063 1281 2088 a
1307 2045 1543 2102 στρωννύω,
1576 2050 1680 2099 quod
1708 2054 1768 2088 est

303 2110 442 2154 sterno‚·
467 2106 538 2145 hoc
556 2119 578 2144 a
594 2102 723 2158 σύρω,
754 2107 854 2155 quod
874 2110 932 2143 est
953 2107 1065 2148 traho.
1096 2106 1252 2144 militum
1272 2118 1422 2155 quoque
1449 2106 1557 2155 equi,
1583 2118 1678 2155 quos
1702 2119 1767 2144 va-

303 2177 392 2201 cuos
405 2176 529 2200 secum
544 2162 751 2213 ducebant,
779 2163 1065 2215 appellabantur
1085 2164 1241 2216 συρτοί,
1269 2167 1313 2200 ut
1338 2164 1447 2201 docet
1466 2162 1697 2201 Glossarium
1721 2176 1766 2202 ex

304 2219 542 2258 Constantini
562 2219 598 2257 T
601 2219 736 2256 acticis.
921 2229 926 2234 ·

396 2285 442 2318 ib.
466 2296 501 2318 v.
529 2285 582 2318 16.
608 2283 729 2328 quibus
752 2286 985 2317 sternerentur
1008 2281 1174 2328 ephippiis
1190 2285 1224 2318 et
1243 2282 1400 2328 phaleris,
1425 2282 1525 2319 docet
1545 2286 1626 2340 post
1646 2283 1767 2318 Theo-

301 2330 446 2376 phanem
471 2330 644 2364 Cedrenus
670 2328 705 2363 in
730 2329 914 2364 Mauricio:
949 2325 968 2363 ὁ
1005 2328 1118 2368 ἵππος
1148 2329 1215 2362 τοῦ
1249 2326 1424 2374 βασιλέως
1458 2327 1478 2364 ὁ
1515 2342 1582 2364 τον
1607 2329 1767 2374 χρυσοῦν

302 2375 552 2421 περικείμενος
574 2372 722 2420 κόσμον.
770 2374 933 2408 describit
957 2377 1052 2408 Anna
1076 2375 1169 2408 vitae
1195 2375 1300 2420 patris
1323 2375 1346 2408 1.
1376 2378 1415 2409 1:
1450 2373 1523 2422 ὁρᾷ
1555 2371 1622 2409 τόν
1652 2372 1765 2408 ἱππο-

302 2418 419 2466 κόμον
441 2422 510 2456 τοῦ
533 2421 735 2465 Βρυεννίου
767 2419 884 2454 ἵππον
918 2416 1198 2464 ἐπισυρόμενον,
1232 2421 1278 2465 τῇ
1308 2431 1347 2454 τε
1375 2417 1547 2467 ἁλουργῷ
1578 2416 1766 2464 ἔφεστρίδι

301 2465 573 2512 κεκοσμημένον
603 2464 667 2501 καὶ
695 2463 908 2510 κατάχρυσοι
938 2464 984 2499 τοὶ
1018 2464 1170 2509 φάλαρα
1206 2463 1349 2509 ἔχοντα.
1397 2477 1462 2500 uno
1494 2467 1600 2500 verbo
1631 2476 1761 2511 χρυσο-

303 2510 474 2556 φάλαρον
499 2513 615 2547 ἵππον
638 2516 741 2546 vocat
764 2513 864 2558 paulo
889 2511 1048 2553 inferius,
1073 2516 1112 2544 ut
1135 2515 1170 2545 et
1191 2511 1333 2545 Nicetas
1357 2512 1379 2545 l.
1403 2513 1425 2547 7
1450 2511 1630 2546 Manuelis.
1671 2512 1764 2545 Gre-

303 2569 403 2601 goras
427 2560 450 2594 9
473 2560 513 2595 7:
536 2555 620 2604 μεθ’
643 2555 917 2603 ἐρυθροβαφῶν
939 2554 1202 2601 κοσμημάτων,
1235 2562 1320 2591 sect.
1355 2559 1420 2594 10:
1453 2553 1545 2600 μετὰ
1576 2557 1650 2590 τῶν
1678 2551 1761 2603 ξρυ-

303 2605 410 2645 θρῶν
433 2602 667 2648 ἐφεστρίδιον.
716 2601 889 2646 στρώσιον
913 2607 1036 2644 autem,
1063 2603 1153 2647 quod
1179 2606 1213 2636 et
1235 2598 1411 2646 ἕφεστρίς,
1436 2603 1495 2637 dat
1517 2613 1637 2636 nomen
1663 2612 1763 2646 equo,

303 2649 495 2696 diciturque
514 2647 738 2694 ὑπόστρωμα
763 2649 852 2694 apud
878 2651 1005 2683 Annam
1030 2647 1168 2682 citatam
1191 2649 1215 2683 1.
1242 2648 1275 2682 4.
1315 2648 1468 2693 adeoque
1494 2648 1629 2691 longum
1652 2651 1687 2681 et
1710 2647 1764 2680 la-

303 2695 432 2729 teribus
457 2696 607 2740 pendens
631 2695 754 2730 asserit
774 2700 810 2728 ut
834 2695 931 2729 etiam
957 2694 1098 2727 calcaris
1121 2695 1248 2727 ferrum
1275 2693 1322 2726 illi
1342 2695 1471 2728 reserat
1493 2693 1651 2727 infixum:
1698 2690 1764 2726 ναὶ

303 2737 375 2784 μὴν
403 2741 467 2776 καὶ
489 2739 513 2786 ἡ
538 2741 605 2776 τοῦ
626 2739 776 2787 μύωπος
797 2736 895 2785 ἀκμὴ
918 2740 984 2774 τοῦ
1005 2735 1200 2782 ἀριστεροῦ
1222 2736 1340 2780 ποδὸς
1354 2737 1560 2774 ἐνδακοῠσα
1575 2734 1618 2772 τὸ
1643 2733 1762 2780 ἄκρον

304 2787 370 2829 τῆς
385 2782 610 2831 ἐφεστρίὸος,
633 2783 655 2823 ὃ
672 2776 893 2831 ὑπόστρωιῖα
909 2782 1088 2830 λέγουσιν,
1105 2781 1358 2828 ἄκλινέστερον
1374 2781 1440 2819 τὸν
1455 2781 1615 2828 ἱππότην
1633 2779 1761 2817 ἐποίει.

303 2832 454 2878 loquitur
481 2833 524 2869 de
556 2833 650 2879 regio
683 2833 799 2869 eodem
833 2843 942 2879 equo,
971 2843 1068 2877 quem
1094 2831 1116 2868 1.
1142 2832 1160 2866 1
1184 2835 1384 2866 narraverat
1410 2829 1583 2875 Bryennio
1608 2829 1764 2874 tyranni-
