1832 3178
701 170 1017 216 nemenio.
1519 155 1593 214 *vn

143 314 245 341 enses
263 300 513 348 exhibitums3
542 301 611 339 sed
632 313 743 351 quam
761 302 878 354 probe
901 302 961 341 Te
979 301 1102 352 novit,
1135 305 1212 340 tam
1231 300 1436 342 verecunde
1462 300 1501 340 in
1523 301 1595 340 hoc

142 369 226 420 ipso
244 379 429 420 purpurae
454 368 554 406 dono
578 381 714 407 novum
745 382 789 407 ae
815 369 1027 421 ampliorem
1054 369 1192 406 fatetur
1217 369 1402 421 accepisse
1418 369 1596 421 splendo-

144 447 232 472 rem.
287 434 388 472 illum
405 434 507 472 velut
528 435 743 474 admirantis
763 437 894 475 turbae
912 449 1012 478 unus
1030 435 1150 488 (cuius
1170 435 1268 473 enim
1287 436 1447 474 animum
1467 440 1596 474 tantus

144 500 267 551 fulgor
292 513 368 539 non
395 501 554 540 alliceret
569 506 636 540 aut
662 502 921 554 exhilararet),
958 502 1128 554 deposito
1161 514 1237 541 non
1272 504 1407 542 amisso
1439 505 1596 556 pudore,

143 567 294 606 vicinior
310 567 444 606 intueri
459 581 542 607 sum
566 581 698 620 ansus,
731 582 807 619 quo
836 583 919 608 meo
944 570 1061 609 labori
1090 573 1129 608 et
1157 570 1259 622 operi
1283 569 1373 609 lucis
1402 571 1596 623 plurimum

143 634 334 685 affulgeat.
387 635 574 674 levidense
604 637 720 675 oflero
741 635 828 674 Tibi
846 650 1001 687 munus»,
1028 637 1095 674 sed
1113 636 1249 676 affectu
1265 639 1429 688 grande3
1456 639 1596 676 meritis

143 702 276 754 impar,
300 715 427 742 verum
449 702 489 740 in
518 714 595 752 quo
612 704 752 742 eunctis
778 716 845 742 ceu
871 704 1057 755 congestis
1088 703 1126 742 in
1151 715 1322 745 acervum
1341 705 1597 756 dignitatibus,

146 773 324 818 quantum
346 769 409 808 illa
426 768 496 807 sibi
517 769 596 808 iure
613 771 871 822 deposcerent,
896 772 995 810 bono
1014 771 1053 808 in
1076 770 1212 809 lumine
1230 784 1342 823 pono.
1396 772 1468 812 hoc
1482 774 1595 824 igitur

145 835 398 876 observantiae
415 837 454 875 in
470 835 508 874 T
509 848 531 874 e
556 849 660 875 meae
685 838 950 877 monimentum
968 838 1075 876 velim
1095 839 1273 891 excipias,
1307 843 1347 878 et
1368 841 1481 879 oculis
1510 843 1592 892 qui-

144 902 215 940 bus
238 916 362 942 meum
381 903 536 955 rapuisti
560 905 702 955 pridem
725 905 906 956 animum,
946 905 1105 956 benigne
1133 907 1281 958 inspice.
1337 907 1418 945 vale
1444 917 1482 947 et
1509 909 1591 948 vive

144 969 317 1008 eeclesiae
341 971 391 1010 ad
423 970 642 1022 utilitatem,
686 971 828 1009 Galliae
859 973 908 1010 ad
941 985 1049 1011 omne
1075 986 1193 1024 genus
1219 973 1420 1026 felicitatis,
1458 975 1591 1015 Ordini

142 1039 271 1076 nostro
287 1037 336 1075 ad
352 1042 620 1089 ornamentum,
648 1037 735 1076 Tibi
753 1039 802 1077 ad
822 1039 967 1078 beatam
985 1040 1149 1092 gloriam.
1206 1041 1259 1081 ita
1276 1046 1387 1081 vovet
1407 1044 1591 1083 summissi

140 1115 251 1141 amml

197 1224 424 1264 Eminentiae
456 1225 563 1266 Tuae

226 1619 259 1657 E
276 1625 459 1658 conventu
478 1625 544 1658 tuo
563 1620 758 1660 Parisicnsi

145 1698 182 1734 S.
206 1697 344 1735 Mariae
365 1698 615 1737 annunciatae.

956 1832 1204 1871 deditissimus
1228 1845 1357 1871 servus

718 1909 759 1947 F.
802 1908 1082 1951 IACOBUS
1122 1911 1294 1951 GOAR
1331 1912 1410 1950 ord.
1429 1911 1594 1954 Praedic.
