1864 3164
294 202 392 249 272
503 202 777 249 GRETSERI
794 204 866 248 ET
892 202 1068 249 GOARI
1086 204 1523 251 COMMENTARIUS

293 309 410 344 Livius
432 308 572 346 eundem
594 309 813 345 Numidarum
835 321 958 346 morem
983 309 1090 346 fuisse
1112 311 1221 346 refert
1243 311 1269 348 1.
1290 312 1362 350 23«
1385 312 1508 359 quibu·
1529 313 1737 348 desultorum

291 356 330 390 in
346 356 482 390 modum
499 356 593 391 binos
606 357 820 392 trahentibus
835 368 936 402 equos
949 357 1042 392 inter
1056 357 1259 393 acerrimam
1271 369 1374 404 uaope
1384 370 1544 405 pugnam
1559 359 1597 393 in
1619 370 1739 394 recen-

291 405 360 436 tem
382 413 501 446 equum
516 414 555 437 es,-
563 405 655 446 fesso
671 404 882 437 transultare
896 413 966 438 mos
987 407 1079 438 erut:
1099 408 1200 438 tanta
1224 405 1386 439 velocitas
1406 405 1509 450 ipsis,
1532 409 1606 440 tam
1630 404 1739 439 docile

291 457 454 493 equorum
469 458 592 493 genus.
639 447 683 482 de
706 448 835 491 Quadis
857 452 892 483 et
914 448 1080 483 Sarmatis
1102 448 1187 484 idem
1209 454 1327 485 narrat
1348 449 1565 485 Marcellinus
1587 450 1609 487 1.
1633 451 1692 487 17.

381 525 515 570 p.42v.
528 526 582 560 12.
600 522 829 571 ὃικαβάλλοι]
841 536 925 571 quos
937 522 1151 571 ἀμφίππους
1164 517 1286 561 Pollux
1297 526 1436 570 diceret,
1453 527 1514 573 qm·
1531 527 1625 562 bino·
1639 537 1741 572 equos

289 570 482 615 habebant,
513 582 658 615 quorum
689 572 777 605 alter
803 572 907 607 alteri
934 573 1202 618 adiungebatur.
1251 573 1464 617 Hesychiun
1494 569 1682 618 ἁμίππους
1703 578 1740 607 et

287 612 438 672 &guma
484 615 629 670 §uides-2¹
648 612 808 672 ᾅμιτξποι
829 614 868 674 «Ξῖ
888 614 1102 672 σὺνιῖπποις
1123 615 1424 663 στρατευόμενοι,
1456 616 1518 653 καὶ
1541 614 1563 672 ῤ
1587 614 1739 672 §waffari-

288 672 612 741 ἴῖᾍῖἕεὶῖῖἢῖἕέ
623 673 700 741 ῑζέἔ
709 673 908 742 «ἷζῧῗέἔέῑῗέ
926 659 1742 755 {2¹'0331:²383:;225‘·0ezvffz’xffi”32:3¹ssss

289 752 436 787 Festum
456 753 603 798 paribus
628 754 743 798 equis,
765 753 804 787 id
832 758 883 788 est
902 754 1051 799 duobus,
1081 755 1229 789 Romani
1252 754 1437 789 utebantur
1458 755 1496 788 in
1519 754 1672 799 praelio,
1701 757 1743 788 ut
1794 751 1798 754 ’

290 799 438 834 nudante
451 799 561 835 altero
577 799 765 835 transirent
779 799 817 834 in
832 800 969 836 siceum.
1017 799 1060 835 de
1082 799 1317 835 monocaballis
1339 803 1451 835 actum
1468 798 1672 834 iamdudum.

397 879 446 919 ib.
471 890 506 917 v.
529 881 595 920 21.
643 880 691 918 de
723 878 881 918 Arabica
914 881 1056 932 origine
1083 880 1251 919 vocabuli
1285 879 1572 934 Blachernarum
1598 878 1741 918 suavin-

286 934 398 973 simas
417 947 535 985 nugas
556 936 635 987 agit
654 936 790 975 Iunius.
816 941 956 986 quanto
979 937 1115 976 rectius
1137 940 1267 975 auctor
1295 936 1406 975 libelli
1429 937 1476 974 de
1505 933 1557 976 14
1581 936 1742 986 regioni-

285 990 356 1028 bus
385 991 485 1029 urbis
518 991 758 1044 Cpolitanae!
793 992 1067 1032 Blachernarum
1096 992 1298 1046 (suburbii)
1331 1005 1449 1031 nomen
1474 1005 1500 1030 a
1530 991 1677 1044 quodam
1704 1004 1743 1029 eo

286 1048 326 1085 in
349 1047 422 1085 loco
439 1052 605 1097 regnante
623 1049 774 1087 inditum
791 1049 910 1100 fuisse
932 1061 976 1087 ex
1001 1049 1170 1100 Dionysio
1197 1048 1378 1100 Byzantio
1402 1048 1534 1088 Gillius
1564 1051 1744 1086 autumat.

286 1103 430 1141 iacebat
451 1105 500 1142 ad
534 1103 638 1142 littus
667 1105 797 1155 maris,
826 1105 889 1143 ubi
922 1105 1033 1143 etiam
1058 1103 1138 1143 Leo
1167 1117 1323 1156 magnus
1359 1105 1533 1156 deiparae
1565 1102 1743 1156 templum

288 1161 492 1210 exstruxit,
519 1159 619 1199 aliud
640 1161 686 1200 ab
706 1161 768 1200 illo
787 1160 1023 1213 Pulcheriae,
1052 1161 1100 1200 de
1122 1172 1198 1212 quo
1214 1160 1448 1213 Nicephoms
1473 1160 1526 1201 15
1545 1159 1612 1202 24.

399 1261 436 1299 p.
456 1245 510 1288 43
530 1260 564 1287 v.
584 1251 622 1291 8.
651 1249 812 1302 drunga]
849 1250 902 1290 sic
931 1250 1017 1305 lego
1044 1262 1090 1291 ex
1107 1262 1184 1290 mss
1204 1249 1400 1290 codicibus.
1426 1248 1553 1289 Iunius
1572 1247 1744 1299 drangas,

286 1302 413 1344 mallet
433 1307 558 1342 tamen
579 1305 749 1355 drangas.

297 1425 315 1440 .
376 1385 424 1421 ib.
442 1395 479 1420 v.
498 1385 556 1420 11.
589 1381 902 1438 καστροφύλακες]
929 1383 1105 1431 ἄρχοντες
1131 1381 1386 1431 στρατιωτικοὶ
1415 1381 1457 1421 ἐν
1489 1384 1573 1426 ταῖς
1593 1381 1744 1420 πόλεσιν

287 1440 374 1475 ntor
396 1427 579 1475 κάπροις.
625 1429 827 1464 lustimanus
849 1442 956 1476 nuper
979 1433 1114 1467 citatus.

398 1505 445 1543 ib.
473 1516 508 1543 v.
536 1504 599 1545 13.
633 1505 779 1543 videtur
797 1504 995 1556 legendum
1020 1510 1086 1544 aut
1106 1501 1272 1546 πάντων
1290 1508 1357 1544 aut
1373 1506 1500 1546 πᾶσαι
1515 1501 1743 1556 ὖπηρεσίαι,

286 1563 331 1600 ut
352 1563 500 1599 constet
524 1560 654 1599 oratio.
683 1565 823 1600 certum
849 1566 907 1600 est
934 1566 1058 1600 autem
1085 1563 1271 1601 Codinum
1292 1562 1415 1600 omnia
1433 1561 1553 1600 officia
1575 1563 1614 1598 et
1635 1559 1743 1598 mini-

287 1618 421 1667 steria,
447 1629 542 1667 quae
559 1616 645 1655 olim
665 1617 704 1654 in
731 1617 816 1656 aula
842 1617 1043 1670 Cpolitana
1060 1622 1192 1669 erant,
1219 1618 1287 1656 sed
1316 1630 1360 1656 ea
1389 1617 1622 1670 potissimum
1647 1626 1744 1665 quae

287 1685 357 1711 suo
377 1676 543 1724 tempore
563 1672 760 1725 vigebant,
787 1675 1055 1724 percensuisse:
1084 1687 1170 1712 nam
1195 1674 1282 1713 olim
1310 1673 1380 1711 alia
1398 1676 1512 1722 atque
1533 1671 1605 1711 alia
1622 1674 1744 1721 erant,

290 1733 336 1768 ut
357 1728 520 1767 Graecae
548 1729 724 1767 historiae
751 1729 860 1768 lectio
887 1743 956 1768 nos
986 1731 1105 1768 docet.
1132 1732 1234 1783 apud
1260 1730 1548 1768 Constantinum
1573 1726 1744 1778 Porphy-

290 1785 502 1835 rogenitum
529 1785 553 1824 l.
575 1787 622 1823 de
640 1786 932 1824 administrando
959 1786 1112 1838 imperio
1139 1800 1169 1825 c.
1199 1786 1252 1828 51
1273 1789 1419 1837 praeter
1435 1783 1680 1836 protocarabos
1703 1785 1745 1820 et

293 1841 384 1880 alios
403 1841 564 1880 invenies
592 1839 660 1881 τᾶν
674 1841 738 1882 ἐπὶ
752 1844 823 1893 τῆς
839 1840 987 1894 φιάλης
1000 1855 1066 1882 seu
1079 1840 1145 1883 τόν
1163 1844 1237 1894 τῆς
1255 1839 1421 1892 φιάλης,
1450 1841 1514 1890 qui
1531 1843 1614 1878 erat
1633 1838 1744 1878 iudex

293 1897 425 1935 turbae
451 1898 620 1936 nauticae
643 1897 832 1936 ammarum
855 1910 922 1936 seu
947 1898 1193 1937 dromoniomm
1210 1897 1472 1949 imperialium,
1495 1897 1628 1945 iusque
1645 1894 1745 1932 dice-

293 1952 362 1990 bat
388 1955 521 1992 sedens
541 1954 580 1991 in
611 1953 692 1992 loco
721 1955 931 2004 dromonis,
960 1955 1023 2003 qui
1050 1953 1178 1992 Phiala
1208 1954 1425 2005 appellatur.
1450 1952 1548 1990 idem
1572 1949 1743 1990 Codinus

293 2007 382 2053 nihil
419 2009 567 2059 scripsit
594 2010 642 2046 de
671 2010 883 2047 officialibus
914 2009 1108 2059 Augustae
1147 2023 1213 2047 seu
1240 2007 1499 2060 imperatricis3
1536 2010 1576 2045 et
1602 2009 1743 2054 tamen,

292 2068 337 2102 ut
354 2063 425 2102 hoc
453 2076 543 2102 aevo
562 2065 850 2114 imperatricibus
885 2069 923 2102 et
941 2065 1076 2114 reginis
1097 2065 1154 2101 sui
1177 2068 1266 2102 sunt
1289 2063 1459 2101 officiales
1473 2089 1487 2113 ,
1513 2061 1567 2100 ita
1585 2065 1624 2099 et
1645 2061 1743 2098 anti-

292 2120 418 2170 quitus
447 2123 563 2169 erant.
591 2119 676 2158 hinc
692 2121 792 2170 apud
811 2120 923 2158 modo
941 2120 1168 2158 nominatum
1187 2120 1475 2158 Constantinum
1502 2130 1532 2156 c.
1561 2117 1614 2159 51
1640 2116 1742 2154 inve-

290 2176 371 2214 nies
402 2172 470 2216 τὸν
497 2163 561 2216 ἐπὶ
585 2178 656 2225 τῆς
686 2174 876 2226 τραπέζης
900 2177 972 2226 τῆς
1001 2171 1259 2230 Α’ὐγούστης,
1295 2175 1360 2226 qui
1387 2175 1497 2213 etiam
1524 2175 1606 2212 erat
1630 2172 1742 2211 iudex

292 2232 525 2282 Agrariorum
543 2229 698 2285 (navigii
714 2232 752 2270 id
773 2229 910 2283 genus)
932 2231 1126 2282 Augustae.
