1820 3178
291 186 383 231 182
497 185 771 229 GRETSERI
793 185 863 227 ET
889 175 1062 228 GOARI
1086 184 1524 230 COMMENTARws

377 293 579 328 Habuerunt
615 291 756 327 Romani
788 291 925 326 comites
956 291 1083 327 stabuli
1115 291 1348 337 imperatorii,
1381 291 1425 326 de
1454 291 1575 338 quibua
1602 293 1728 328 Paulus

286 340 456 374 Diaconus
493 340 516 374 1.
543 340 586 375 17
619 343 654 372 et
682 339 724 373 L.
755 338 799 372 29
832 349 862 372 c.
888 337 1061 372 Theodos.
1100 337 1144 371 de
1173 338 1314 372 Annona
1355 340 1392 371 et
1426 338 1580 373 Tributis
1613 339 1637 374 l.
1672 339 1729 376 11.

288 386 416 419 Graeci
446 384 575 430 pariter
606 385 705 418 etiam
734 383 871 417 vocibus
903 383 1040 417 consoni
1072 381 1253 417 Badurium
1282 382 1399 417 Iustini
1431 383 1571 419 fratrem
1586 382 1730 429 κόμητα

285 431 358 464 τῶν
385 431 576 476 βασιλικῶν
599 429 796 472 σταύλων,“
822 429 922 463 alium
949 440 990 462 ue
1030 438 1225 472 anonymum
1264 428 1380 462 eadem
1421 429 1644 475 appellatione
1677 429 1730 464 iu-

287 476 447 519 signitum
476 475 566 521 apud
591 474 832 519 Theophanem
856 479 892 509 et
952 485 1066 508 eonem
1099 473 1358 508 Grammaticum
1386 474 1422 508 in
1449 474 1639 520 Theophila
1676 474 1730 510 ia-

289 526 398 556 ctant.
445 522 489 556 ab
514 521 560 554 iis
592 520 718 554 vetusti
748 520 871 554 Franci
903 520 1068 564 regiorum
1101 520 1306 554 stabulorum
1332 521 1468 554 comites
1492 520 1730 564 οοπηοετιιὸὶοο,

291 567 418 600 Graeci
439 566 642 600 recentiores
667 577 745 600 suos
768 566 1031 606 κονεσταύλους
1062 563 1329 606 κονοσταύλους
1357 565 1414 600 vel
1444 564 1734 605 κοντοσταύλους

290 613 478 655 deducunt3
501 612 560 646 hos
579 615 689 645 tamen
716 613 758 646 ab
780 611 866 645 istis.
912 623 981 646 rem
1006 611 1122 656 paucis
1146 610 1271 658 aperio.
1315 611 1454 652 qomitea
1476 611 1635 646 neoterici
1648 607 1734 646 κόν-

291 670 378 696 τους
402 659 459 701 (ne
482 654 652 700 κοντούς,
678 658 741 691 hoc
766 661 818 690 est
841 658 976 702 breves,
1000 657 1136 699 dixeris)
1163 656 1352 701 appellant,
1375 660 1414 690 ut
1435 656 1577 692 Nicetas
1599 655 1636 691 in
1661 658 1733 690 An-

293 703 430 736 dronico
454 703 477 737 l.
503 705 542 737 1:
574 699 709 737 οὐκοῦν
731 705 809 742 τοῖς
830 705 1044 747 στρατηγοῖς
1067 699 1336 745 ὀπτανόμενος,
1372 697 1435 743 οὓς
1464 700 1618 742 κόντους
1646 701 1733 747 εἴπῃ

293 761 348 788 τις
381 743 429 782 ἂν
458 747 596 793 Λατίνῃ
630 745 805 793 διαλέκτῳ
844 748 1033 792 χρώμενος.
1103 748 1244 789 ιιαόιιῑα
1282 747 1419 782 σταῦλα
1455 748 1512 782 vel
1548 744 1733 786 σταύλους.

292 794 551 839 Moschopulus:
577 793 736 833 ϊππῶνες
758 791 1016 838 ἷπποστάσεις,
1043 793 1202 828 σταῦλοι.
1250 803 1292 826 ex
1315 797 1457 838 utroque
1479 793 1579 828 nullo
1595 792 1735 837 negotio

292 839 560 878 κοντοσταῦλος
589 843 733 873 creatur.
779 851 821 873 ex
856 839 990 873 Gallico
1020 839 1235 873 counestable
1267 838 1456 881 deduxisti,
1493 838 1638 883 inqu'us.
1683 837 1737 871 di-

294 890 384 918 ctum
407 885 494 921 volo.
539 884 662 918 Franci
684 896 843 929 namque,
866 889 904 919 ut
928 884 1189 919 Christianorum
1213 884 1299 918 bono
1327 884 1420 926 nati,
1442 895 1484 918 ea.
1506 894 1574 929 φο,
1589 882 1738 927 gaudent

295 931 330 964 in
354 934 490 964 exteras
511 930 666 974 regiones
690 931 887 964 excurrendi
918 930 1074 973 licentia,
1107 930 1314 974 frequentius
1335 941 1357 964 a
1380 929 1546 971 Graecis,
1582 930 1681 963 fidem
1703 928 1738 962 in

297 977 486 1010 Saracenos
518 976 780 1020 propugnaturi,
816 976 981 1021 stipendia
1014 976 1291 1020 promerebantur
1322 978 1373 1015 (ut
1402 975 1560 1010 Ruselius
1592 974 1649 1008 ille
1681 973 1738 1018 qui

297 1021 551 1065 quadringentis
580 1021 721 1055 Francis
754 1022 840 1067 apud
877 1021 1111 1066 Curopalatem
1135 1024 1170 1053 et
1190 1021 1319 1053 Annam
1342 1019 1541 1054 Comnenam
1566 1020 1739 1054 adiunctus

301 1068 510 1100 Graecorum
534 1067 715 1100 exercitum
736 1067 909 1108 ducebat),
932 1067 1116 1110 ducemque
1138 1076 1232 1100 suum
1255 1064 1387 1098 nonnisi
1409 1065 1635 1111 appellatione
1649 1064 1738 1110 apud

298 1123 378 1147 suos
399 1112 539 1146 colenda
562 1111 684 1146 dictum
710 1113 897 1146 voluerunt.
945 1122 1032 1156 quae
1059 1122 1138 1155 vero
1160 1111 1289 1144 stabuli
1310 1111 1448 1155 comite,
1479 1111 1580 1155 vulgo
1603 1115 1741 1147 comta-

297 1158 444 1201 bularn’o,
463 1157 656 1191 honoratior
671 1169 746 1190 esse
764 1157 874 1202 potuit
896 1160 955 1191 aut
977 1157 1040 1191 sibi
1062 1155 1246 1198 decentior,
1267 1156 1336 1190 τοῦ
1357 1157 1594 1191 connestable?
1638 1167 1680 1190 en
1702 1158 1742 1189 ut

298 1203 344 1236 ad
366 1204 452 1236 hanc
476 1214 592 1236 vocem
615 1203 708 1236 velut
729 1202 764 1235 iu
787 1204 910 1236 fontem
935 1202 1060 1236 Graeci
1083 1202 1231 1236 referant
1252 1212 1332 1235 suos
1354 1201 1663 1245 κοντοσταύλους,
1687 1201 1741 1235 in-

299 1254 356 1282 ter
371 1259 454 1292 quos
479 1249 653 1291 Gregoras
677 1252 712 1281 et
734 1248 982 1292 Chalcondyles
1004 1244 1271 1287 κονοσταύλους
1292 1248 1518 1292 pronuntiant.
1564 1247 1741 1284 dictionem

300 1299 412 1327 tamen
428 1293 516 1337 apud
543 1298 697 1327 auctores
719 1293 838 1327 Alexio
864 1294 1033 1327 Comneno
1056 1292 1245 1338 superiores
1259 1318 1268 1334 ,
1292 1304 1356 1326 nec
1379 1292 1574 1337 dignitatem
1589 1304 1630 1327 eo
1646 1292 1742 1338 prio-

300 1350 371 1373 rem
394 1339 564 1383 reperias:
598 1343 634 1373 at
665 1339 708 1372 de
739 1339 858 1373 comite
882 1338 1006 1373 stabuli
1031 1339 1087 1373 vel
1111 1338 1319 1373 contostaulo
1342 1348 1405 1372 ceu
1427 1339 1634 1373 Francorum
1657 1337 1742 1371 duce
1803 1365 1805 1367 .

299 1389 444 1419 testatur
467 1389 586 1418 auctor
609 1396 640 1419 c.
664 1384 697 1419 5.
1412 1406 1415 1408 -

412 1457 449 1494 p.
469 1446 494 1484 9
519 1457 552 1482 v.
578 1446 614 1486 9.
665 1443 824 1494 Magnus
851 1443 1055 1494 logotheta]
1086 1442 1176 1493 quid
1207 1443 1256 1481 sit
1285 1442 1498 1494 logotheta,
1525 1443 1596 1479 iam
1616 1441 1639 1479 l.
1665 1443 1687 1481 1
1711 1453 1741 1479 c.

301 1501 329 1540 6
349 1500 613 1550 explicavimus.
642 1503 680 1537 et
708 1500 872 1549 quamvis
903 1499 1053 1537 Nicetas
1087 1501 1186 1537 dicat
1219 1512 1299 1537 esse
1327 1512 1411 1537 eum
1437 1499 1502 1548 qni
1523 1497 1666 1536 Latinis
1693 1497 1744 1534 sit

301 1556 556 1607 cancellarius,
592 1560 714 1593 tamen
742 1556 781 1593 id
810 1557 945 1604 ubique
970 1556 1091 1593 locum
1113 1555 1247 1594 habere
1278 1568 1353 1594 non
1377 1558 1513 1606 potest.
1542 1555 1624 1604 quis
1647 1553 1745 1590 enim

301 1612 530 1662 logothetam
545 1608 709 1665 οἷγελῶν,
735 1615 921 1663 pecuariae
943 1624 1008 1650 seu
1025 1625 1183 1662 gregum,
1203 1615 1309 1650 vocet
1335 1611 1676 1662 cancellarium,'ut
1707 1611 1747 1646 et

301 1668 531 1719 logothetam
548 1671 620 1723 τοῦ
639 1664 810 1720 δρόμου,
843 1669 990 1707 cursus?

394 1733 480 1767 ibid.
527 1729 730 1777 λογοθέτην
767 1744 787 1766 a
822 1732 952 1776 Cyrillo
987 1735 1024 1766 et
1056 1743 1078 1766 a
1112 1732 1355 1777 Chrysostomo
1389 1731 1432 1765 de
1465 1730 1596 1766 Poenit.
1617 1741 1659 1764 ac
1674 1729 1747 1775 pri·-

307 1789 394 1812 mum
421 1789 440 1811 a
464 1779 618 1812 Cedreno
641 1778 675 1812 in
699 1779 875 1812 Anastasio
901 1782 1136 1819 memoratum,
1168 1788 1284 1811 verum
1315 1777 1351 1810 in
1376 1776 1443 1810 alio
1467 1777 1564 1822 quam
1587 1776 1645 1821 qui
1669 1786 1730 1819 per

305 1828 474 1856 tractatur
497 1835 596 1858 sensu
620 1824 772 1869 reperio:
806 1835 967 1868 praesens
991 1823 1075 1857 enim
1101 1827 1151 1857 est
1174 1834 1239 1857 non
1266 1822 1323 1867 qui
1347 1821 1490 1866 aerarii,
1525 1821 1584 1856 sed
1608 1820 1665 1865 qui
1683 1831 1748 1865 pu-

306 1869 384 1902 blici
411 1869 578 1912 regiminis
602 1871 752 1903 rationes
770 1871 880 1914 ponit.
928 1880 1064 1912 magnus
1088 1880 1230 1913 namque
1253 1868 1426 1912 logotheta
1452 1878 1524 1900 cum
1546 1866 1748 1912 imperatore

305 1916 485 1948 communis
506 1915 583 1948 boni
609 1915 772 1948 rationem
797 1916 921 1954 habet,
956 1925 1012 1947 res
1035 1914 1122 1948 unde
1144 1913 1350 1959 reipublicae
1373 1912 1575 1946 commodum
1599 1916 1634 1944 et
1651 1910 1749 1944 simul

305 1959 464 2003 principis
491 1960 665 1992 thesaurus
698 1961 850 2003 augescit
881 1959 1114 1999 administrat,
1159 1964 1194 1992 et
1231 1958 1374 2000 denique
1413 1957 1542 1990 cunctis
1581 1955 1748 2001 providet.

306 2007 349 2036 «le
371 2004 429 2037 illo
454 2005 646 2047 Gregoras,
684 2004 741 2036 ubi
767 2005 810 2036 de
833 2004 1030 2045 Muzalone‚
1055 2005 1076 2036 6
1097 2006 1138 2037 2:
1168 1996 1216 2045 ἦν
1239 1999 1259 2035 ὃ
1283 1995 1489 2042 Μουζαλοόν
1512 1997 1747 2046 (λογοθέτης)

306 2049 361 2093 τῷ
393 2049 536 2093 βασιλεῖ
566 2046 901 2090 παραδυναστεύων
928 2045 1030 2090 τότε,
1065 2045 1128 2080 καὶ
1158 2049 1236 2085 τοῖς
1259 2045 1458 2091 βασιλικοῖς
1478 2045 1540 2080 καὶ
1563 2044 1751 2090 δημοσίοις

306 2091 500 2137 μεσιτεύων
528 2090 733 2136 πράγμασι,
775 2092 838 2126 καὶ
867 2089 968 2134 παρὰ
1000 2092 1067 2125 τοῦ
1100 2088 1271 2136 βασιλέως
1298 2091 1465 2135 μεγίστην
1498 2088 1751 2135 καρπούμενοᾲ

307 2135 378 2181 τὴν
410 2137 504 2171 αἰδῶ
532 2135 595 2171 διά
624 2149 662 2171 τε
694 2138 828 2181 σοφίαν
857 2136 919 2171 καὶ
949 2137 1063 2180 γῆρας
1093 2133 1236 2180 μακρὰν
1271 2134 1334 2170 καὶ
1359 2136 1528 2180 ποικίλην
1562 2132 1751 2180 ἐμπειρίαν

307 2180 531 2226 πραγμάτων
552 2180 642 2226 μετὰ
665 2182 874 2226 φρονήσεως
898 2179 998 2225 ἔχων.
1046 2182 1187 2215 Nicetas
1210 2182 1266 2215 ubi
1289 2182 1331 2214 de
1364 2182 1665 2225 Hagiotheodorite
1675 2202 1694 2226 ‚·
1716 2180 1751 2215 in

309 2228 470 2262 Manuele
493 2228 514 2263 l.
541 2231 579 2263 1:
610 2226 812 2271 μελεδωνὸν
836 2225 876 2260 δὲ
899 2225 1096 2271 μεσεύοντα
1119 2226 1182 2261 καὶ
1209 2227 1280 2261 τῶν
1316 2224 1458 2261 οἰκείων
1488 2225 1751 2270 ὖποδρηστῆρα

311 2270 568 2318 διαταγμάτων
589 2270 654 2306 τὸν
673 2269 993 2317 “Αγιοθ·εωδορίτην
1016 2272 1165 2316 τίθησιν
1194 2267 1384 2327 Ἰωάννῃν.
1431 2270 1494 2306 καὶ
1517 2265 1563 2315 ἦν
1584 2273 1637 2318 τῷ
1658 2283 1749 2313 προ-

309 2317 418 2364 σώπῳ
442 2319 508 2352 τοῦ
532 2315 703 2364 βασιλέως
726 2315 784 2352 ἀεὶ
805 2315 1075 2361 ὀπτανόμενος,
1105 2316 1168 2351 καὶ
1199 2315 1246 2351 τά
1278 2329 1412 2351 τουτου
1441 2313 1646 2361 ἐντάλματα
1672 2314 1751 2350 ὅσοι

309 2363 375 2398 καὶ
400 2362 571 2407 ἐμφάσεις
593 2359 631 2397 ἐκ
655 2364 861 2404 κρείττονος
882 2363 1009 2406 μοίρας
1032 2361 1234 2407 δεχόμενος.
1282 2363 1504 2408 Curopalates
1526 2363 1559 2396 in
1583 2362 1750 2396 Michaele

310 2409 553 2454 Parapinacio:
581 2407 632 2448 εἰς
652 2407 719 2452 τὴν
742 2409 814 2443 τῶν
838 2410 971 2442 κοινῶν
995 2409 1173 2452 διοίκησιν
1191 2407 1522 2453 καταστησάμενος,
1548 2404 1752 2451 λογοθέτην

309 2451 426 2488 αὐτὸν
448 2452 732 2500 προβαλόμενος.
780 2453 809 2487 is
839 2466 903 2487 non
930 2454 1086 2487 absimilis
1112 2466 1237 2488 summo
1258 2454 1347 2498 regii
1371 2453 1560 2498 publicique
1584 2453 1665 2486 iuris
1688 2452 1752 2494 ad-

309 2501 485 2541 ministro,
521 2511 616 2544 quem
655 2501 841 2545 supremum
876 2499 1106 2532 cancellarium
1138 2501 1273 2533 Graeco
1306 2499 1430 2533 Niceta
1463 2503 1548 2532 teste
1579 2508 1751 2533 vocamus=

311 2542 332 2579 ὁ
357 2542 422 2588 μὲν
445 2544 509 2579 τὸν
534 2543 693 2589 οἰκεῖον,
727 2542 774 2584 ὥς
796 2541 819 2588 ἡ
844 2545 1010 2578 Λατίνων
1035 2542 1202 2589 βούλεται
1235 2542 1363 2588 φωνή,
1393 2541 1675 2588 καγκελλάριον,
1703 2542 1753 2575 ita

312 2591 431 2624 scribit
457 2591 599 2624 eiusdem
625 2590 789 2624 Manuelis
815 2590 837 2623 l.
861 2591 902 2632 7,
924 2587 970 2629 ὡς
994 2586 1214 2634 δ”Ἐλληνες
1240 2591 1376 2625 εἴποιεν
1398 2586 1600 2633 λογοθέτην
1623 2580 1686 2630 (ἦν
1709 2583 1751 2620 δὲ

311 2629 420 2674 οὗτος
442 2634 462 2669 ὁ
486 2634 700 2680 Μαγέντζης
722 2633 929 2677 ἐπίσκοπος)
954 2632 1123 2678 ἔπεμψεν.
1170 2637 1226 2669 fax
1251 2635 1338 2677 alia,
1369 2646 1437 2679 qua
1462 2646 1529 2667 vox
1555 2634 1752 2673 illustretur,

312 2681 391 2713 mihi
418 2681 590 2726 superflua
613 2687 676 2715 est.
723 2681 952 2715 animadverte
974 2682 1069 2714 modo
1092 2681 1295 2724 logothetam
1318 2681 1411 2726 prius
1431 2679 1535 2713 fuisse
1559 2678 1614 2723 qui
1630 2677 1753 2722 publici

314 2726 435 2759 aerarii
468 2732 626 2770 quaestor
656 2731 812 2769 vocatur;
845 2726 887 2759 de
915 2737 979 2770 quo
1010 2737 1109 2759 sensu
1143 2737 1204 2759 nos
1233 2726 1339 2769 infra,
1373 2724 1430 2758 ubi
1454 2725 1661 2768 logothetam
1681 2722 1755 2767 Ἰτοῦ

312 2771 458 2814 ymnos»
488 2782 702 2816 exponemus.
747 2769 860 2816 μέγαν
890 2771 979 2804 hunc
1011 2769 1214 2815 λογοθέτην
1249 2775 1326 2805 ante
1355 2769 1463 2804 Alexii
1503 2775 1655 2813 tempora
1693 2767 1755 2800 vix

314 2816 463 2851 auditum
488 2817 578 2850 scio:
606 2817 796 2862 διοικητοῦ
820 2828 934 2851 vocem
957 2817 1028 2850 eius
1051 2827 1168 2850 munus
1191 2816 1278 2861 apud
1297 2815 1454 2861 antiquos
1477 2814 1682 2860 significasse
1704 2814 1754 2847 sa-
