1820 3178
585 195 648 239 IN
673 195 871 239 CODINI
911 196 1561 242 CAP.1.127

113 306 389 374 meadum
403 305 688 352 cmtinebmtnr5
711 318 788 344 uno
807 305 920 344 verbo
938 305 1119 344 archivum
1145 305 1266 344 dicere
1289 305 1420 357 possis.
1475 320 1563 356 κρι-

111 365 188 416 «ᾗς
203 366 282 408 τῶν
303 359 408 404 ολων
426 360 663 403 ’ὑποθέσεων
682 378 765 402 των
791 361 1139 413 ἔκκλησιαστικῶν,
1179 362 1277 415 ἔχων
1300 362 1371 409 mig
1390 361 1562 415 γαμικᾰς

111 418 349 468 νἰοθέσεις,
382 420 490 458 iuda
507 421 656 457 omnium
673 419 986 457 ecclesiasticarum
1004 431 1188 457 causarum
1203 424 1238 458 et
1254 419 1563 457 mtnmmialimn

113 478 434 516 ωπᾱ-ουηείωιιηι.
491 471 591 515 ἄλλα
615 474 684 514 καὶ
715 475 759 516 ἓν
781 479 869 522 ταῖς
890 478 1050 524 λοιπαῖς
1083 477 1163 516 τῶν
1188 478 1388 528 κληρικῶν
1405 473 1561 514 ὑποθέ-

113 544 223 573 σεσιν
244 531 420 580 ἕκόικος,
464 530 532 580 οἷς
545 529 654 579 δεξιοὶ
686 533 763 571 τοῦ
795 527 1004 583 α’ρχιερὲως
1034 531 1139 583 χείρ,
1177 545 1263 583 qum
1289 536 1323 569 et
1347 534 1386 570 in
1417 534 1562 569 caeteris

112 589 312 630 cla-icarum
345 589 463 627 cancie
493 590 654 637 cognitor
681 591 715 625 et
738 587 846 625 iudex
875 592 924 624 est
951 592 985 625 et
1003 591 1171 638 tanquam
1186 588 1313 626 dextra
1333 589 1561 638 patriarchae

111 658 257 692 μηκας
284 657 360 695 quo
382 644 530 683 nomine
544 643 703 682 afficitur
721 643 832 680 etiam
850 655 873 680 a
898 643 1138 693 Balsamme,
1175 644 1240 692 qui
1260 644 1563 695 chartophylacem

110 715 152 740 οε
169 706 203 740 et
223 701 326 739 labra
345 700 573 752 patriarchae
594 703 721 748 vocat,
749 700 876 749 aitque
890 712 972 737 esse
994 700 1223 750 patriarchae
1241 700 1279 737 id
1309 700 1411 749 quod
1438 700 1561 750 Moysi

110 758 183 795 fuit
205 756 331 794 Aaron
354 760 394 795 et
419 756 564 794 Baruch
588 756 814 803 Hieremiae;
854 756 955 793 cuius
975 756 1215 794 chirotoniam
1234 760 1273 793 et
1293 757 1563 795 ordinationem

110 815 260 864 copiose
281 812 462 859 describit.
516 812 595 851 fieri
609 824 768 861 namque
792 817 987 850 consuerat
1018 825 1100 850 cum
1127 813 1361 863 impositione
1387 826 1562 850 manuum

111 875 152 908 et
175 871 401 922 appensione
418 870 686 921 βουλευτηρίου
706 870 754 906 de
774 872 923 918 pectore
946 869 1064 907 instar
1081 870 1267 907 rationalis
1294 868 1467 906 Aaronici
1495 870 1561 906 de-

111 927 329 978 pendentis,
364 926 592 975 claviumque
613 925 833 974 traditione,
874 937 1030 974 quorum
1057 926 1219 963 omnium
1244 926 1420 974 mysteria
1442 926 1560 965 fusius

102 987 259 1031 enarrat
286 982 500 1031 Balsamm,
540 982 621 1032 ipse
659 982 772 1019 etiam
798 981 870 1019 hoc
901 995 1051 1019 munere
1084 981 1283 1031 aliquando
1311 982 1480 1031 functus,
1516 987 1560 1019 ut

113 1043 272 1077 testatur
287 1039 327 1076 in
348 1039 615 1088 disceptatione
642 1038 803 1088 quadam
819 1038 1077 1076 matrimoniali
1102 1038 1125 1076 l.
1145 1041 1171 1079 7
1190 1038 1284 1075 Iuris
1312 1037 1386 1075 GR
1413 1042 1501 1075 tom.
1535 1039 1559 1078 1

111 1096 175 1134 fol.
195 1095 287 1136 458.
308 1096 424 1145 quiet
443 1095 500 1132 his
518 1095 638 1132 verbis
657 1095 816 1132 officium
835 1094 912 1131 eius
932 1099 1151 1145 exaggerat:
1187 1110 1257 1141 τας
1277 1110 1560 1147 πατριαρχικας

112 1148 342 1204 διαγνώσεις
378 1154 638 1215 καλλιγραφεῖ
674 1166 741 1190 και
777 1150 1033 1203 ὖπογραφαῖς
1066 1150 1232 1198 οἰκείαις
1270 1149 1338 1189 καὶ
1371 1154 1561 1202 σφραγῖσι

109 1208 363 1259 κατεμπεδοῖ,
391 1206 458 1248 καὶ
482 1203 654 1276 μεγάλου
672 1208 925 1258 δικαστηρίου
952 1204 1227 1274 προκάθηται,
1269 1205 1336 1246 καὶ
1361 1207 1559 1246 &snowdo-

110 1268 174 1304 τεῖ
185 1279 283 1304 κατα
302 1261 374 1315 μὲν
394 1279 473 1303 παι
476 1261 538 1312 τὸς
557 1258 802 1315 ἄνθρωπον,
838 1263 904 1302 καὶ
938 1263 1026 1312 οἵας
1055 1279 1107 1303 αν
1140 1262 1200 1313 εἴη
1233 1259 1353 1314 τύχης
1380 1278 1447 1302 και
1479 1258 1561 1312 φύ-

111 1333 231 1368 σεως,
254 1319 356 1386 περὶ
383 1319 711 1372 ἐκκλησιαστικῶν
735 1316 979 1390 ζητημάτων
1003 1319 1071 1359 καὶ
1100 1315 1341 1370 σφαλμάτων
1375 1322 1562 1370 ψυχικων

111 1372 388 1429 διορθώσεως,
417 1374 516 1416 κατοὶ
537 1374 621 1415 δὲ’
605 1374 829 1428 ιερωμένων
849 1375 914 1416 καὶ
939 1378 1123 1428 μοναχῶν
1150 1390 1239 1428 περι
1271 1387 1401 1427 πασης
1427 1375 1562 1428 ἐγκλη-

111 1434 278 1488 ματικῆς
297 1448 362 1472 και
383 1434 623 1484 χρηματικῆς
642 1429 860 1479 aindoma

221 1488 345 1526 Etiam
401 1493 490 1527 ante
544 1489 739 1540 episcopos
800 1489 975 1538 sedebat,
1026 1499 1123 1538 quae
1172 1487 1431 1538 praerogativa
1480 1500 1564 1526 cum

110 1545 309 1584 'multorum
351 1545 434 1582 telis
479 1544 565 1583 olim
613 1548 872 1595 appeteretur,
940 1544 1093 1580 defensa
1125 1548 1183 1581 est
1239 1544 1389 1593 proprio
1440 1544 1564 1580 edicto

111 1601 160 1638 ab
192 1600 321 1638 Alexio
351 1601 566 1649 Comneno,
612 1601 716 1649 quod
755 1599 998 1637 Leunclavius
1036 1599 1153 1636 edidit
1202 1602 1398 1647 totumque
1429 1600 1561 1637 recitat
1586 1606 1613 1640 P
1639 1607 1706 1641 160

111 1656 312 1695 Balsamon
335 1657 375 1694 in
407 1668 475 1694 sua
502 1656 632 1693 Melete
652 1669 718 1693 seu
738 1656 1006 1705 disceptatione
1030 1669 1099 1705 pro
1129 1654 1412 1705 chartophylace
1434 1660 1564 1694 contra

114 1713 386 1764 protecdicum,
416 1713 533 1762 quiet
551 1713 631 1762 ipse
646 1711 918 1762 chartophylaci
936 1711 1036 1748 litem
1051 1712 1098 1748 de
1122 1710 1203 1748 loco
1227 1715 1266 1748 et
1299 1712 1460 1748 statione
1483 1725 1564 1749 mo-

113 1773 238 1819 vent,
269 1769 338 1806 sed
352 1768 607 1806 Balsamonem
630 1772 828 1818 patronum
860 1773 899 1805 et
927 1768 1148 1804 advocatum
1174 1779 1251 1804 non
1279 1767 1498 1805 indisertum
1523 1772 1563 1806 et

112 1826 153 1863 in
177 1825 248 1863 hoc
270 1837 420 1862 munere
445 1825 536 1862 satis
567 1825 804 1862 exercitatum
839 1823 994 1873 reperit3
1036 1835 1147 1872 quem
1177 1822 1296 1860 solum
1320 1824 1373 1861 ait
1402 1835 1447 1861 ex
1478 1828 1562 1862 toto

111 1884 194 1921 τῶν
220 1880 540 1933 προκαθημένων
567 1893 720 1918 numero
754 1880 991 1917 honestatum
1013 1892 1095 1917 esse
1123 1879 1278 1928 geminis
1309 1879 1561 1917 ecclesiasticis

111 1938 322 1987 ordinibus,
358 1938 526 1975 nimirum
552 1939 767 1987 episcopatur
794 1940 833 1974 et
856 1938 1053 1986 semeticrk,
1082 1937 1169 1985 quia
1195 1949 1272 1973 non
1294 1937 1406 1973 modo
1433 1949 1562 1974 causas

111 1994 332 2044 temporales
359 1993 607 2043 cognoscebat
626 1997 805 2041 tanquam
831 1992 962 2042 iudex,
1005 1993 1071 2029 sed
1102 1996 1142 2029 et
1157 1991 1374 2042 spirituales
1403 1993 1562 2030 animae-

113 2063 188 2100 que
201 2050 356 2087 salntem
372 2054 632 2087 concernentes
653 2048 875 2086 diiudicabat
886 2076 898 2098 ‚
928 2061 1084 2097 eamque
1102 2048 1180 2086 fere
1199 2049 1255 2085 his
1273 2048 1310 2085 in
1326 2048 1436 2085 rebus
1455 2054 1562 2099 pote-

109 2110 248 2149 statem
283 2106 444 2144 habebat
468 2118 543 2155 qua
562 2119 661 2143 nune
686 2106 843 2156 praediti
869 2109 958 2142 sunt
979 2105 1237 2156 episcoporum
1264 2108 1476 2143 nostrorum
1511 2106 1564 2142 vi-

112 2175 208 2201 mm.

227 2217 325 2254 Olim
369 2229 520 2266 quoque
567 2229 678 2254 aurea
721 2217 815 2254 tiara
853 2216 1048 2266 insignitus
1092 2216 1191 2254 foras
1241 2216 1435 2266 prodibat,
1480 2215 1566 2254 licet

113 2273 212 2310 hunc
237 2285 375 2310 morem
404 2274 476 2310 iam
501 2285 569 2310 sua
601 2276 724 2310 aetate
766 2273 917 2310 desiisse
949 2272 1149 2309 Balsamon
1185 2273 1331 2310 scribat.
1397 2273 1435 2308 in
1466 2272 1565 2309 sesto

111 2334 239 2366 tamen
294 2333 505 2366 sanctorum
561 2330 787 2366 notariorum
829 2329 982 2365 maxime
1023 2329 1239 2377 magnificus
1293 2332 1374 2365 erat
1417 2327 1566 2365 charto-

111 2385 270 2437 Ρὴ)1ω(;
308 2386 409 2422 cuius
435 2385 588 2434 gloriam
612 2385 666 2422 ita
692 2384 867 2422 describit
893 2384 1091 2422 Balsamon
1119 2385 1167 2421 ad
1189 2384 1311 2420 Photii
1330 2383 1567 2421 Nomocano-

110 2453 199 2479 nem
222 2441 279 2479 tit.
310 2443 335 2481 8
370 2454 400 2478 c.
437 2445 478 2480 1:
519 2439 544 2480 ὅ
563 2438 662 2480 κατὰ
692 2455 856 2507 καιρους
880 2437 1131 2491 χαρτοφύλαξ
1161 2436 1239 2478 ἀπὸ
1270 2442 1342 2478 τοῦ
1367 2436 1568 2490 παρόιτος

114 2497 268 2537 ἰὸἰκτου
288 2497 508 2536 δικαιοῦται
526 2493 822 2547 καβαλλικεύειν
841 2512 939 2534 κατα
963 2511 1037 2546 την
1057 2493 1167 2545 λιτήν
1190 2497 1267 2533 τῶι
1297 2493 1424 2545 ἁγίων
1450 2509 1565 2534 νοτα·

114 2553 214 2605 ρίων
233 2549 275 2591 τὸ
303 2549 583 2603 πατριαρχικόν
603 2549 751 2603 αλογον
771 2549 866 2602 μετὰ
890 2548 1060 2592 ὄθονίου
1089 2553 1245 2590 λευκοῦ
1305 2548 1384 2589 ἔδει
1417 2547 1460 2589 δὲ
1489 2548 1564 2601 τήν

114 2605 292 2658 κεφαλήν
322 2604 447 2647 αὐτοῦ
476 2606 532 2654 ὥς
551 2608 815 2659 καλόηναρίου
834 2609 1118 2659 πατριαρχικοῦ
1138 2604 1355 2672 σεξέπὶεσθαι
1373 2620 1469 2657 μετα
1493 2609 1565 2656 τῆς

114 2666 263 2715 χρυσῆς
287 2661 445 2713 τιάρας,
473 2660 563 2712 ἥτις
588 2662 656 2702 καὶ
682 2662 724 2702 ἐν
746 2666 803 2717 τῷ
828 2663 1127 2727 χαρτοφυλακίῳ
1159 2657 1375 2702 ‹izozei-mc.
1432 2661 1567 2702 Graeci

116 2720 351 2758 Cardinalem
369 2723 502 2757 vocant
518 2704 783 2771 καρδινιὶριον
786 2746 800 2766 ‚
821 2715 1103 2771 καρὸιναλιον,
1124 2710 1392 2767 καλόινάριον,
1419 2722 1563 2755 mutato

157 2777 195 2814 in
214 2779 249 2815 λ.

117 2791 141 2829 ρ
228 2831 324 2869 Suos
354 2830 515 2869 habebat
542 2830 582 2868 in
610 2829 681 2868 hoc
716 2842 867 2868 munere
910 2828 1165 2876 administros,
1207 2831 1246 2865 et
1275 2828 1372 2866 inter
1400 2833 1563 2867 caeteros
