<?xml version="1.0" encoding="UTF-8"?>
<!DOCTYPE html PUBLIC "-//W3C//DTD XHTML 1.0 Transitional//EN"
    "http://www.w3.org/TR/xhtml1/DTD/xhtml1-transitional.dtd">
<html xmlns="http://www.w3.org/1999/xhtml" xml:lang="en" lang="en">
 <head>
  <title>
</title>
<meta http-equiv="Content-Type" content="text/html;charset=utf-8" />
  <meta name='ocr-system' content='tesseract 3.04.00' />
  <meta name='ocr-capabilities' content='ocr_page ocr_carea ocr_par ocr_line ocrx_word'/>
</head>
<body>
  <div class='ocr_page' id='page_1' title='image "./corpusscriptorum16niebuoft_0135.png"; bbox 0 0 1820 3178; ppageno 0'>
   <div class='ocr_carea' id='block_1_1' title="bbox 596 151 1570 204">
    <p class='ocr_par' dir='ltr' id='par_1_1' title="bbox 596 151 1570 204">
     <span class='ocr_line' id='line_1_1' title="bbox 596 151 1570 204; baseline 0.005 -5"><span class='ocrx_word' id='word_1_1' title='bbox 596 155 657 199; x_wconf 74' lang='lat' dir='ltr'>IN</span> <span class='ocrx_word' id='word_1_2' title='bbox 680 154 879 200; x_wconf 77' lang='lat' dir='ltr'>comm</span> <span class='ocrx_word' id='word_1_3' title='bbox 905 156 1015 201; x_wconf 78' lang='lat' dir='ltr'>cAP.</span> <span class='ocrx_word' id='word_1_4' title='bbox 1047 156 1085 200; x_wconf 85' lang='lat'>1.</span> <span class='ocrx_word' id='word_1_5' title='bbox 1475 151 1570 204; x_wconf 80' lang='lat'>119</span> 
     </span>
    </p>
   </div>
   <div class='ocr_carea' id='block_1_2' title="bbox 98 262 1693 2844">
    <p class='ocr_par' dir='ltr' id='par_1_2' title="bbox 118 262 1569 472">
     <span class='ocr_line' id='line_1_2' title="bbox 124 262 1569 317; baseline 0.001 -14"><span class='ocrx_word' id='word_1_6' title='bbox 124 265 224 304; x_wconf 87' lang='lat' dir='ltr'>loco:</span> <span class='ocrx_word' id='word_1_7' title='bbox 258 263 419 315; x_wconf 80' lang='lat' dir='ltr'>alioquin</span> <span class='ocrx_word' id='word_1_8' title='bbox 453 262 603 315; x_wconf 65' lang='lat' dir='ltr'>Iuniam·</span> <span class='ocrx_word' id='word_1_9' title='bbox 625 266 799 304; x_wconf 79' lang='lat' dir='ltr'>catocoeli</span> <span class='ocrx_word' id='word_1_10' title='bbox 833 278 968 304; x_wconf 89' lang='lat' dir='ltr'>nomen</span> <span class='ocrx_word' id='word_1_11' title='bbox 999 266 1095 304; x_wconf 80' lang='lat' dir='ltr'>tueri</span> <span class='ocrx_word' id='word_1_12' title='bbox 1118 278 1195 304; x_wconf 89' lang='lat' dir='ltr'>non</span> <span class='ocrx_word' id='word_1_13' title='bbox 1224 266 1444 317; x_wconf 88' lang='lat' dir='ltr'>potuissent.</span> <span class='ocrx_word' id='word_1_14' title='bbox 1500 278 1569 306; x_wconf 85' lang='lat' dir='ltr'>nec</span> 
     </span>
     <span class='ocr_line' id='line_1_3' title="bbox 122 320 1568 374; baseline 0.002 -16"><span class='ocrx_word' id='word_1_15' title='bbox 122 320 247 373; x_wconf 78' lang='lat' dir='ltr'>plnres</span> <span class='ocrx_word' id='word_1_16' title='bbox 276 322 315 358; x_wconf 85' lang='lat' dir='ltr'>in</span> <span class='ocrx_word' id='word_1_17' title='bbox 350 325 458 358; x_wconf 79' lang='lat' dir='ltr'>tanta</span> <span class='ocrx_word' id='word_1_18' title='bbox 488 321 637 359; x_wconf 87' lang='lat' dir='ltr'>civitate</span> <span class='ocrx_word' id='word_1_19' title='bbox 662 323 813 372; x_wconf 84' lang='lat' dir='ltr'><strong>parochi</strong></span> <span class='ocrx_word' id='word_1_20' title='bbox 839 328 946 361; x_wconf 86' lang='lat' dir='ltr'>erant</span> <span class='ocrx_word' id='word_1_21' title='bbox 973 335 1084 373; x_wconf 86' lang='lat' dir='ltr'>quam</span> <span class='ocrx_word' id='word_1_22' title='bbox 1110 323 1271 374; x_wconf 88' lang='lat' dir='ltr'>quinque</span> <span class='ocrx_word' id='word_1_23' title='bbox 1297 328 1364 361; x_wconf 91' lang='lat' dir='ltr'>aut</span> <span class='ocrx_word' id='word_1_24' title='bbox 1384 324 1568 362; x_wconf 84' lang='lat' dir='ltr'>summum</span> 
     </span>
     <span class='ocr_line' id='line_1_4' title="bbox 120 378 1568 432; baseline 0.002 -17"><span class='ocrx_word' id='word_1_25' title='bbox 120 388 204 416; x_wconf 75' lang='lat' dir='ltr'>sex:</span> <span class='ocrx_word' id='word_1_26' title='bbox 223 389 359 415; x_wconf 88' lang='lat' dir='ltr'>nomen</span> <span class='ocrx_word' id='word_1_27' title='bbox 376 378 475 415; x_wconf 89' lang='lat' dir='ltr'>enim</span> <span class='ocrx_word' id='word_1_28' title='bbox 490 378 660 416; x_wconf 71' lang='lat' dir='ltr'>catacoeli</span> <span class='ocrx_word' id='word_1_29' title='bbox 673 391 760 429; x_wconf 88' lang='lat' dir='ltr'>seu,</span> <span class='ocrx_word' id='word_1_30' title='bbox 780 382 824 418; x_wconf 91' lang='lat' dir='ltr'>ut</span> <span class='ocrx_word' id='word_1_31' title='bbox 838 393 908 418; x_wconf 90' lang='lat' dir='ltr'>nos</span> <span class='ocrx_word' id='word_1_32' title='bbox 925 379 1137 431; x_wconf 67' lang='lat' dir='ltr'>scribimus,</span> <span class='ocrx_word' id='word_1_33' title='bbox 1151 381 1387 418; x_wconf 75' lang='lat' dir='ltr'>exocatacoeli</span> <span class='ocrx_word' id='word_1_34' title='bbox 1404 380 1568 432; x_wconf 86' lang='lat' dir='ltr'>quinque</span> 
     </span>
     <span class='ocr_line' id='line_1_5' title="bbox 118 433 694 472; baseline 0.003 -2"><span class='ocrx_word' id='word_1_35' title='bbox 118 433 176 471; x_wconf 70' lang='lat' dir='ltr'>vel</span> <span class='ocrx_word' id='word_1_36' title='bbox 189 445 254 472; x_wconf 80' lang='lat' dir='ltr'>sex</span> <span class='ocrx_word' id='word_1_37' title='bbox 271 435 454 472; x_wconf 81' lang='lat' dir='ltr'><strong>duntaxat</strong></span> <span class='ocrx_word' id='word_1_38' title='bbox 466 433 694 472; x_wconf 86' lang='lat' dir='ltr'>obtinebant.</span> 
     </span>
    </p>

    <p class='ocr_par' dir='ltr' id='par_1_3' title="bbox 98 488 1693 2844">
     <span class='ocr_line' id='line_1_6' title="bbox 226 488 1574 543; baseline 0.003 -16"><span class='ocrx_word' id='word_1_39' title='bbox 226 488 307 528; x_wconf 85' lang='lat' dir='ltr'>Nec</span> <span class='ocrx_word' id='word_1_40' title='bbox 331 491 451 541; x_wconf 85' lang='lat' dir='ltr'>magis</span> <span class='ocrx_word' id='word_1_41' title='bbox 480 490 685 528; x_wconf 80' lang='lat' dir='ltr'>verisimilia</span> <span class='ocrx_word' id='word_1_42' title='bbox 716 491 764 528; x_wconf 90' lang='lat' dir='ltr'>de</span> <span class='ocrx_word' id='word_1_43' title='bbox 786 490 868 528; x_wconf 88' lang='lat' dir='ltr'>istis</span> <span class='ocrx_word' id='word_1_44' title='bbox 910 491 1067 542; x_wconf 87' lang='lat' dir='ltr'>apponit</span> <span class='ocrx_word' id='word_1_45' title='bbox 1104 491 1212 529; x_wconf 87' lang='lat' dir='ltr'>nobis</span> <span class='ocrx_word' id='word_1_46' title='bbox 1249 489 1384 530; x_wconf 84' lang='lat' dir='ltr'>Petrus</span> <span class='ocrx_word' id='word_1_47' title='bbox 1417 490 1574 543; x_wconf 66' lang='lat' dir='ltr'>Grego-</span> 
     </span>
     <span class='ocr_line' id='line_1_7' title="bbox 117 545 1564 598; baseline 0.003 -15"><span class='ocrx_word' id='word_1_48' title='bbox 117 546 192 583; x_wconf 87' lang='lat' dir='ltr'>rius</span> <span class='ocrx_word' id='word_1_49' title='bbox 214 545 424 584; x_wconf 86' lang='lat' dir='ltr'>Tolosanus</span> <span class='ocrx_word' id='word_1_50' title='bbox 457 547 650 598; x_wconf 79' lang='lat' dir='ltr'>syntagm.</span> <span class='ocrx_word' id='word_1_51' title='bbox 677 547 835 584; x_wconf 87' lang='lat' dir='ltr'>universi</span> <span class='ocrx_word' id='word_1_52' title='bbox 860 547 954 584; x_wconf 86' lang='lat' dir='ltr'>Iuris</span> <span class='ocrx_word' id='word_1_53' title='bbox 984 549 1036 588; x_wconf 87' lang='grc'>15</span> <span class='ocrx_word' id='word_1_54' title='bbox 1064 550 1113 597; x_wconf 85' lang='lat'>9,</span> <span class='ocrx_word' id='word_1_55' title='bbox 1143 548 1207 585; x_wconf 86' lang='lat' dir='ltr'>ubi</span> <span class='ocrx_word' id='word_1_56' title='bbox 1244 549 1331 586; x_wconf 82' lang='lat' dir='ltr'>dicit</span> <span class='ocrx_word' id='word_1_57' title='bbox 1356 561 1380 587; x_wconf 88' lang='lat' dir='ltr'>a</span> <span class='ocrx_word' id='word_1_58' title='bbox 1411 548 1564 587; x_wconf 86' lang='lat' dir='ltr'>Graecis</span> 
     </span>
     <span class='ocr_line' id='line_1_8' title="bbox 116 603 1563 655; baseline 0.003 -16"><span class='ocrx_word' id='word_1_59' title='bbox 116 603 236 639; x_wconf 67' lang='lat' dir='ltr'>vomi-i</span> <span class='ocrx_word' id='word_1_60' title='bbox 257 626 259 629; x_wconf 94' lang='lat'>-</span> <span class='ocrx_word' id='word_1_61' title='bbox 284 603 442 640; x_wconf 67' lang='lat' dir='ltr'>avicellos</span> <span class='ocrx_word' id='word_1_62' title='bbox 467 620 471 628; x_wconf 59' lang='lat'>2</span> <span class='ocrx_word' id='word_1_63' title='bbox 494 603 687 654; x_wconf 84' lang='lat' dir='ltr'>episcopos</span> <span class='ocrx_word' id='word_1_64' title='bbox 739 603 959 653; x_wconf 84' lang='lat' dir='ltr'>nonnullos,</span> <span class='ocrx_word' id='word_1_65' title='bbox 1008 603 1098 640; x_wconf 90' lang='lat' dir='ltr'>nulli</span> <span class='ocrx_word' id='word_1_66' title='bbox 1142 604 1428 655; x_wconf 86' lang='lat' dir='ltr'>metropolitano</span> <span class='ocrx_word' id='word_1_67' title='bbox 1473 605 1563 643; x_wconf 74' lang='lat' dir='ltr'>sub—</span> 
     </span>
     <span class='ocr_line' id='line_1_9' title="bbox 115 659 1564 712; baseline 0.002 -16"><span class='ocrx_word' id='word_1_68' title='bbox 115 659 252 710; x_wconf 89' lang='lat' dir='ltr'>iectos,</span> <span class='ocrx_word' id='word_1_69' title='bbox 283 659 498 710; x_wconf 84' lang='lat' dir='ltr'>patriarchis</span> <span class='ocrx_word' id='word_1_70' title='bbox 533 660 726 697; x_wconf 79' lang='lat' dir='ltr'>familiares</span> <span class='ocrx_word' id='word_1_71' title='bbox 761 664 800 697; x_wconf 85' lang='lat' dir='ltr'>et</span> <span class='ocrx_word' id='word_1_72' title='bbox 830 660 1087 709; x_wconf 82' lang='lat' dir='ltr'>suffraganeos</span> <span class='ocrx_word' id='word_1_73' title='bbox 1124 673 1343 712; x_wconf 84' lang='lat' dir='ltr'><strong>semperque</strong></span> <span class='ocrx_word' id='word_1_74' title='bbox 1375 665 1564 709; x_wconf 81' lang='lat' dir='ltr'>astantes3</span> 
     </span>
     <span class='ocr_line' id='line_1_10' title="bbox 116 715 1566 769; baseline 0.002 -17"><span class='ocrx_word' id='word_1_75' title='bbox 116 715 242 765; x_wconf 83' lang='lat' dir='ltr'>quales</span> <span class='ocrx_word' id='word_1_76' title='bbox 278 716 451 754; x_wconf 80' lang='lat' dir='ltr'>describit</span> <span class='ocrx_word' id='word_1_77' title='bbox 481 716 696 754; x_wconf 75' lang='lat' dir='ltr'>wilhelmus</span> <span class='ocrx_word' id='word_1_78' title='bbox 723 715 859 766; x_wconf 84' lang='lat' dir='ltr'>Tyrius</span> <span class='ocrx_word' id='word_1_79' title='bbox 886 716 987 765; x_wconf 68' lang='lat' dir='ltr'>{Belli</span> <span class='ocrx_word' id='word_1_80' title='bbox 1024 715 1117 753; x_wconf 86' lang='lat' dir='ltr'>sacri</span> <span class='ocrx_word' id='word_1_81' title='bbox 1157 719 1207 757; x_wconf 82' lang='lat'>14</span> <span class='ocrx_word' id='word_1_82' title='bbox 1241 719 1315 766; x_wconf 79' lang='lat'>12,</span> <span class='ocrx_word' id='word_1_83' title='bbox 1353 730 1447 766; x_wconf 90' lang='lat' dir='ltr'>quos</span> <span class='ocrx_word' id='word_1_84' title='bbox 1484 718 1566 769; x_wconf 84' lang='lat' dir='ltr'>ipse</span> 
     </span>
     <span class='ocr_line' id='line_1_11' title="bbox 117 771 1563 825; baseline 0.002 -17"><span class='ocrx_word' id='word_1_85' title='bbox 117 771 254 821; x_wconf 80' lang='lat' dir='ltr'>Tyrius</span> <span class='ocrx_word' id='word_1_86' title='bbox 276 772 366 810; x_wconf 86' lang='lat' dir='ltr'>dicit</span> <span class='ocrx_word' id='word_1_87' title='bbox 385 785 408 810; x_wconf 90' lang='lat' dir='ltr'>a</span> <span class='ocrx_word' id='word_1_88' title='bbox 438 772 589 809; x_wconf 80' lang='lat' dir='ltr'>Graecis</span> <span class='ocrx_word' id='word_1_89' title='bbox 613 772 790 824; x_wconf 86' lang='lat' dir='ltr'>appellari</span> <span class='ocrx_word' id='word_1_90' title='bbox 817 774 996 810; x_wconf 78' lang='lat' dir='ltr'>cancellos.</span> <span class='ocrx_word' id='word_1_91' title='bbox 1053 772 1186 810; x_wconf 89' lang='lat' dir='ltr'>Petrus</span> <span class='ocrx_word' id='word_1_92' title='bbox 1216 773 1419 823; x_wconf 83' lang='lat' dir='ltr'>Gregorius</span> <span class='ocrx_word' id='word_1_93' title='bbox 1441 774 1563 825; x_wconf 86' lang='lat' dir='ltr'>suspi-</span> 
     </span>
     <span class='ocr_line' id='line_1_12' title="bbox 115 827 1564 880; baseline 0.001 -15"><span class='ocrx_word' id='word_1_94' title='bbox 115 831 221 865; x_wconf 84' lang='lat' dir='ltr'>catur</span> <span class='ocrx_word' id='word_1_95' title='bbox 244 827 397 866; x_wconf 82' lang='lat' dir='ltr'><strong>subesse</strong></span> <span class='ocrx_word' id='word_1_96' title='bbox 421 829 614 866; x_wconf 86' lang='lat' dir='ltr'>mendum:</span> <span class='ocrx_word' id='word_1_97' title='bbox 655 830 780 866; x_wconf 82' lang='lat' dir='ltr'>forsan</span> <span class='ocrx_word' id='word_1_98' title='bbox 807 829 904 866; x_wconf 86' lang='lat' dir='ltr'>enim</span> <span class='ocrx_word' id='word_1_99' title='bbox 935 829 1083 879; x_wconf 86' lang='lat' dir='ltr'>scripsit</span> <span class='ocrx_word' id='word_1_100' title='bbox 1116 827 1254 877; x_wconf 87' lang='lat' dir='ltr'>Tyrius</span> <span class='ocrx_word' id='word_1_101' title='bbox 1291 830 1485 880; x_wconf 75' lang='lat' dir='ltr'>catacelos,</span> <span class='ocrx_word' id='word_1_102' title='bbox 1519 833 1564 868; x_wconf 90' lang='lat' dir='ltr'>ut</span> 
     </span>
     <span class='ocr_line' id='line_1_13' title="bbox 114 880 1562 936; baseline 0.001 -14"><span class='ocrx_word' id='word_1_103' title='bbox 114 888 237 922; x_wconf 85' lang='lat' dir='ltr'>rectus</span> <span class='ocrx_word' id='word_1_104' title='bbox 250 885 300 923; x_wconf 84' lang='lat' dir='ltr'>sit</span> <span class='ocrx_word' id='word_1_105' title='bbox 318 880 550 935; x_wconf 77' lang='grc' dir='ltr'><strong><em>κατᾶκηλος.</em></strong></span> <span class='ocrx_word' id='word_1_106' title='bbox 588 883 801 934; x_wconf 74' lang='grc' dir='ltr'>κατᾶκηλοι</span> <span class='ocrx_word' id='word_1_107' title='bbox 822 898 845 922; x_wconf 85' lang='lat' dir='ltr'>a</span> <span class='ocrx_word' id='word_1_108' title='bbox 871 884 1117 935; x_wconf 80' lang='grc' dir='ltr'><strong><em>κατακηλέω,</em></strong></span> <span class='ocrx_word' id='word_1_109' title='bbox 1144 886 1246 935; x_wconf 92' lang='lat' dir='ltr'>quod</span> <span class='ocrx_word' id='word_1_110' title='bbox 1271 890 1330 923; x_wconf 87' lang='lat' dir='ltr'>est</span> <span class='ocrx_word' id='word_1_111' title='bbox 1355 886 1562 936; x_wconf 77' lang='lat' dir='ltr'>permulceo,</span> 
     </span>
     <span class='ocr_line' id='line_1_14' title="bbox 114 938 1562 992; baseline 0.001 -14"><span class='ocrx_word' id='word_1_112' title='bbox 114 943 294 978; x_wconf 71' lang='lat' dir='ltr'>suavitate</span> <span class='ocrx_word' id='word_1_113' title='bbox 311 943 465 978; x_wconf 75' lang='lat' dir='ltr'>animum</span> <span class='ocrx_word' id='word_1_114' title='bbox 480 941 618 980; x_wconf 76' lang='lat' dir='ltr'>delinio.</span> <span class='ocrx_word' id='word_1_115' title='bbox 665 941 750 979; x_wconf 88' lang='lat' dir='ltr'>hinc</span> <span class='ocrx_word' id='word_1_116' title='bbox 768 938 1055 992; x_wconf 79' lang='grc' dir='ltr'>κατακηλητικό</span> <span class='ocrx_word' id='word_1_117' title='bbox 1058 956 1077 987; x_wconf 85' lang='grc' dir='ltr'><strong><em>ς</em></strong></span> <span class='ocrx_word' id='word_1_118' title='bbox 1094 943 1166 978; x_wconf 82' lang='lat' dir='ltr'>vim</span> <span class='ocrx_word' id='word_1_119' title='bbox 1189 941 1404 979; x_wconf 78' lang='lat' dir='ltr'>demulcendi</span> <span class='ocrx_word' id='word_1_120' title='bbox 1420 943 1562 979; x_wconf 69' lang='lat' dir='ltr'>habens.</span> 
     </span>
     <span class='ocr_line' id='line_1_15' title="bbox 104 993 1560 1048; baseline 0.001 -14"><span class='ocrx_word' id='word_1_121' title='bbox 104 1001 156 1034; x_wconf 77' lang='lat' dir='ltr'>&#39;et</span> <span class='ocrx_word' id='word_1_122' title='bbox 182 1010 247 1034; x_wconf 88' lang='lat' dir='ltr'>cur</span> <span class='ocrx_word' id='word_1_123' title='bbox 273 1009 352 1034; x_wconf 77' lang='lat' dir='ltr'>non</span> <span class='ocrx_word' id='word_1_124' title='bbox 371 997 455 1034; x_wconf 90' lang='lat' dir='ltr'>hinc</span> <span class='ocrx_word' id='word_1_125' title='bbox 487 997 614 1035; x_wconf 87' lang='lat' dir='ltr'>itidem</span> <span class='ocrx_word' id='word_1_126' title='bbox 641 993 886 1048; x_wconf 69' lang='grc' dir='ltr'><em>κατᾶκηλοςὲ</em></span> <span class='ocrx_word' id='word_1_127' title='bbox 922 997 1012 1034; x_wconf 89' lang='lat' dir='ltr'>illud</span> <span class='ocrx_word' id='word_1_128' title='bbox 1051 997 1206 1034; x_wconf 86' lang='lat' dir='ltr'>alterum</span> <span class='ocrx_word' id='word_1_129' title='bbox 1234 998 1392 1035; x_wconf 77' lang='lat' dir='ltr'>evicellos</span> <span class='ocrx_word' id='word_1_130' title='bbox 1423 998 1560 1036; x_wconf 88' lang='lat' dir='ltr'>format</span> 
     </span>
     <span class='ocr_line' id='line_1_16' title="bbox 113 1050 1560 1106; baseline 0.001 -16"><span class='ocrx_word' id='word_1_131' title='bbox 113 1051 246 1091; x_wconf 87' lang='lat' dir='ltr'>Petrus</span> <span class='ocrx_word' id='word_1_132' title='bbox 277 1053 479 1103; x_wconf 84' lang='lat' dir='ltr'>Gregorius</span> <span class='ocrx_word' id='word_1_133' title='bbox 506 1051 614 1106; x_wconf 78' lang='grc' dir='ltr'>πικροὶ</span> <span class='ocrx_word' id='word_1_134' title='bbox 641 1052 684 1093; x_wconf 84' lang='grc' dir='ltr'>τὸ</span> <span class='ocrx_word' id='word_1_135' title='bbox 719 1050 928 1106; x_wconf 69' lang='grc' dir='ltr'><strong><em>εὐκήλουςε</em></strong></span> <span class='ocrx_word' id='word_1_136' title='bbox 960 1054 1031 1090; x_wconf 91' lang='lat' dir='ltr'>hoc</span> <span class='ocrx_word' id='word_1_137' title='bbox 1059 1054 1156 1090; x_wconf 90' lang='lat' dir='ltr'>enim</span> <span class='ocrx_word' id='word_1_138' title='bbox 1179 1055 1326 1092; x_wconf 89' lang='lat' dir='ltr'>nomine</span> <span class='ocrx_word' id='word_1_139' title='bbox 1349 1052 1560 1103; x_wconf 82' lang='lat' dir='ltr'>significant</span> 
     </span>
     <span class='ocr_line' id='line_1_17' title="bbox 113 1106 1559 1161; baseline 0 -14"><span class='ocrx_word' id='word_1_140' title='bbox 113 1109 246 1147; x_wconf 84' lang='lat' dir='ltr'>Graeci</span> <span class='ocrx_word' id='word_1_141' title='bbox 261 1113 394 1147; x_wconf 71' lang='lat' dir='ltr'>stantes</span> <span class='ocrx_word' id='word_1_142' title='bbox 406 1113 480 1147; x_wconf 79' lang='lat' dir='ltr'>sine</span> <span class='ocrx_word' id='word_1_143' title='bbox 495 1114 608 1159; x_wconf 75' lang='lat' dir='ltr'>mora,</span> <span class='ocrx_word' id='word_1_144' title='bbox 632 1114 785 1160; x_wconf 71' lang='lat' dir='ltr'>qu2·etos,·</span> <span class='ocrx_word' id='word_1_145' title='bbox 822 1110 907 1147; x_wconf 89' lang='lat' dir='ltr'>hinc</span> <span class='ocrx_word' id='word_1_146' title='bbox 935 1111 1034 1160; x_wconf 84' lang='lat' dir='ltr'>apud</span> <span class='ocrx_word' id='word_1_147' title='bbox 1059 1110 1264 1147; x_wconf 84' lang='lat' dir='ltr'>Hesiodum</span> <span class='ocrx_word' id='word_1_148' title='bbox 1283 1106 1430 1156; x_wconf 75' lang='grc' dir='ltr'><strong><em>πόντος</em></strong></span> <span class='ocrx_word' id='word_1_149' title='bbox 1448 1106 1559 1161; x_wconf 70' lang='grc' dir='ltr'>ἐπή-</span> 
     </span>
     <span class='ocr_line' id='line_1_18' title="bbox 111 1163 1557 1217; baseline -0.001 -12"><span class='ocrx_word' id='word_1_150' title='bbox 111 1181 220 1217; x_wconf 86' lang='grc' dir='ltr'><strong>μων,</strong></span> <span class='ocrx_word' id='word_1_151' title='bbox 241 1163 415 1215; x_wconf 77' lang='grc' dir='ltr'><strong><em>εὔκηλος.</em></strong></span> <span class='ocrx_word' id='word_1_152' title='bbox 470 1166 537 1203; x_wconf 87' lang='lat' dir='ltr'>sed</span> <span class='ocrx_word' id='word_1_153' title='bbox 558 1166 646 1203; x_wconf 89' lang='lat' dir='ltr'>haec</span> <span class='ocrx_word' id='word_1_154' title='bbox 665 1166 753 1203; x_wconf 87' lang='lat' dir='ltr'>nihil</span> <span class='ocrx_word' id='word_1_155' title='bbox 773 1167 820 1202; x_wconf 87' lang='lat' dir='ltr'>ad</span> <span class='ocrx_word' id='word_1_156' title='bbox 839 1166 1112 1203; x_wconf 86' lang='lat' dir='ltr'>exocatacoelos</span> <span class='ocrx_word' id='word_1_157' title='bbox 1131 1170 1280 1203; x_wconf 90' lang='lat' dir='ltr'>nostros</span> <span class='ocrx_word' id='word_1_158' title='bbox 1301 1166 1460 1215; x_wconf 84' lang='lat' dir='ltr'>faciunt,</span> <span class='ocrx_word' id='word_1_159' title='bbox 1479 1167 1557 1204; x_wconf 88' lang='lat' dir='ltr'>sive</span> 
     </span>
     <span class='ocr_line' id='line_1_19' title="bbox 110 1221 1557 1273; baseline 0 -14"><span class='ocrx_word' id='word_1_160' title='bbox 110 1223 172 1259; x_wconf 91' lang='lat' dir='ltr'>isti</span> <span class='ocrx_word' id='word_1_161' title='bbox 188 1222 323 1261; x_wconf 77' lang='lat' dir='ltr'>em‘celli</span> <span class='ocrx_word' id='word_1_162' title='bbox 336 1235 359 1259; x_wconf 87' lang='lat' dir='ltr'>a</span> <span class='ocrx_word' id='word_1_163' title='bbox 381 1221 422 1260; x_wconf 89' lang='lat' dir='ltr'>P.</span> <span class='ocrx_word' id='word_1_164' title='bbox 445 1221 625 1272; x_wconf 86' lang='lat' dir='ltr'>Gregorio</span> <span class='ocrx_word' id='word_1_165' title='bbox 646 1222 746 1259; x_wconf 87' lang='lat' dir='ltr'>allati</span> <span class='ocrx_word' id='word_1_166' title='bbox 764 1223 962 1272; x_wconf 87' lang='lat' dir='ltr'>aliquando</span> <span class='ocrx_word' id='word_1_167' title='bbox 978 1223 1016 1259; x_wconf 92' lang='lat' dir='ltr'>in</span> <span class='ocrx_word' id='word_1_168' title='bbox 1042 1235 1163 1260; x_wconf 88' lang='lat' dir='ltr'>rerum</span> <span class='ocrx_word' id='word_1_169' title='bbox 1187 1227 1320 1260; x_wconf 85' lang='lat' dir='ltr'>natura</span> <span class='ocrx_word' id='word_1_170' title='bbox 1336 1223 1557 1273; x_wconf 73' lang='lat' dir='ltr'>exstiterint,</span> 
     </span>
     <span class='ocr_line' id='line_1_20' title="bbox 111 1278 1556 1329; baseline -0.001 -13"><span class='ocrx_word' id='word_1_171' title='bbox 111 1279 190 1316; x_wconf 84' lang='lat' dir='ltr'>sive</span> <span class='ocrx_word' id='word_1_172' title='bbox 205 1291 250 1316; x_wconf 80' lang='lat' dir='ltr'>ex</span> <span class='ocrx_word' id='word_1_173' title='bbox 266 1278 415 1316; x_wconf 89' lang='lat' dir='ltr'>cerebro</span> <span class='ocrx_word' id='word_1_174' title='bbox 429 1279 545 1315; x_wconf 84' lang='lat' dir='ltr'>eximii</span> <span class='ocrx_word' id='word_1_175' title='bbox 567 1278 660 1315; x_wconf 87' lang='lat' dir='ltr'>illius</span> <span class='ocrx_word' id='word_1_176' title='bbox 678 1279 912 1316; x_wconf 88' lang='lat' dir='ltr'>iureconsulti</span> <span class='ocrx_word' id='word_1_177' title='bbox 936 1279 1110 1329; x_wconf 73' lang='lat' dir='ltr'>prognati</span> <span class='ocrx_word' id='word_1_178' title='bbox 1134 1279 1292 1328; x_wconf 86' lang='lat' dir='ltr'>fuerint,</span> <span class='ocrx_word' id='word_1_179' title='bbox 1319 1283 1362 1316; x_wconf 89' lang='lat' dir='ltr'>ut</span> <span class='ocrx_word' id='word_1_180' title='bbox 1384 1291 1456 1328; x_wconf 84' lang='lat' dir='ltr'>ego</span> <span class='ocrx_word' id='word_1_181' title='bbox 1475 1280 1556 1329; x_wconf 86' lang='lat' dir='ltr'>qui-</span> 
     </span>
     <span class='ocr_line' id='line_1_21' title="bbox 110 1334 1556 1385; baseline -0.001 -13"><span class='ocrx_word' id='word_1_182' title='bbox 110 1336 194 1373; x_wconf 89' lang='lat' dir='ltr'>dem</span> <span class='ocrx_word' id='word_1_183' title='bbox 218 1335 402 1372; x_wconf 87' lang='lat' dir='ltr'>existimo:</span> <span class='ocrx_word' id='word_1_184' title='bbox 435 1334 632 1384; x_wconf 82' lang='lat' dir='ltr'>legendum</span> <span class='ocrx_word' id='word_1_185' title='bbox 664 1335 760 1372; x_wconf 89' lang='lat' dir='ltr'>enim</span> <span class='ocrx_word' id='word_1_186' title='bbox 789 1336 889 1385; x_wconf 89' lang='lat' dir='ltr'>apud</span> <span class='ocrx_word' id='word_1_187' title='bbox 918 1334 1074 1384; x_wconf 80' lang='lat' dir='ltr'>Tyrium</span> <span class='ocrx_word' id='word_1_188' title='bbox 1101 1335 1287 1384; x_wconf 75' lang='lat' dir='ltr'>mucellos,</span> <span class='ocrx_word' id='word_1_189' title='bbox 1315 1335 1352 1371; x_wconf 87' lang='lat' dir='ltr'>id</span> <span class='ocrx_word' id='word_1_190' title='bbox 1382 1339 1441 1372; x_wconf 89' lang='lat' dir='ltr'>est</span> <span class='ocrx_word' id='word_1_191' title='bbox 1466 1348 1556 1384; x_wconf 89' lang='lat' dir='ltr'>syn-</span> 
     </span>
     <span class='ocr_line' id='line_1_22' title="bbox 107 1390 1557 1440; baseline -0.001 -11"><span class='ocrx_word' id='word_1_192' title='bbox 107 1391 240 1440; x_wconf 83' lang='lat' dir='ltr'>cellos,</span> <span class='ocrx_word' id='word_1_193' title='bbox 257 1391 421 1428; x_wconf 85' lang='lat' dir='ltr'>eiusdem</span> <span class='ocrx_word' id='word_1_194' title='bbox 438 1391 549 1428; x_wconf 87' lang='lat' dir='ltr'>cellae</span> <span class='ocrx_word' id='word_1_195' title='bbox 577 1391 694 1428; x_wconf 90' lang='lat' dir='ltr'>socios</span> <span class='ocrx_word' id='word_1_196' title='bbox 717 1395 757 1428; x_wconf 88' lang='lat' dir='ltr'>et</span> <span class='ocrx_word' id='word_1_197' title='bbox 781 1392 1019 1428; x_wconf 81' lang='lat' dir='ltr'>habitatores.</span> <span class='ocrx_word' id='word_1_198' title='bbox 1075 1395 1114 1428; x_wconf 91' lang='lat' dir='ltr'>et</span> <span class='ocrx_word' id='word_1_199' title='bbox 1144 1403 1286 1440; x_wconf 82' lang='lat' dir='ltr'>nupera</span> <span class='ocrx_word' id='word_1_200' title='bbox 1307 1391 1422 1427; x_wconf 87' lang='lat' dir='ltr'>editio</span> <span class='ocrx_word' id='word_1_201' title='bbox 1450 1390 1557 1440; x_wconf 89' lang='lat' dir='ltr'>Tyrii</span> 
     </span>
     <span class='ocr_line' id='line_1_23' title="bbox 106 1447 1556 1498; baseline -0.001 -14"><span class='ocrx_word' id='word_1_202' title='bbox 106 1447 288 1498; x_wconf 87' lang='lat' dir='ltr'>syncellos</span> <span class='ocrx_word' id='word_1_203' title='bbox 314 1447 482 1497; x_wconf 79' lang='lat' dir='ltr'>exhibet,</span> <span class='ocrx_word' id='word_1_204' title='bbox 509 1448 655 1484; x_wconf 87' lang='lat' dir='ltr'>tametsi</span> <span class='ocrx_word' id='word_1_205' title='bbox 682 1448 782 1498; x_wconf 88' lang='lat' dir='ltr'>prior</span> <span class='ocrx_word' id='word_1_206' title='bbox 811 1448 872 1484; x_wconf 90' lang='lat' dir='ltr'>illa</span> <span class='ocrx_word' id='word_1_207' title='bbox 893 1448 1000 1484; x_wconf 90' lang='lat' dir='ltr'>lectio</span> <span class='ocrx_word' id='word_1_208' title='bbox 1028 1447 1156 1484; x_wconf 87' lang='lat' dir='ltr'>melior</span> <span class='ocrx_word' id='word_1_209' title='bbox 1181 1451 1220 1483; x_wconf 91' lang='lat' dir='ltr'>et</span> <span class='ocrx_word' id='word_1_210' title='bbox 1246 1447 1449 1496; x_wconf 86' lang='lat' dir='ltr'>scripturae</span> <span class='ocrx_word' id='word_1_211' title='bbox 1475 1447 1556 1483; x_wconf 85' lang='lat' dir='ltr'>vul-</span> 
     </span>
     <span class='ocr_line' id='line_1_24' title="bbox 106 1503 1555 1554; baseline -0.001 -14"><span class='ocrx_word' id='word_1_212' title='bbox 106 1509 218 1553; x_wconf 84' lang='lat' dir='ltr'>gatae</span> <span class='ocrx_word' id='word_1_213' title='bbox 246 1504 396 1554; x_wconf 87' lang='lat' dir='ltr'>propior</span> <span class='ocrx_word' id='word_1_214' title='bbox 419 1504 478 1540; x_wconf 87' lang='lat' dir='ltr'>sit.</span> <span class='ocrx_word' id='word_1_215' title='bbox 517 1505 613 1540; x_wconf 80' lang='lat' dir='ltr'>adde</span> <span class='ocrx_word' id='word_1_216' title='bbox 650 1504 830 1540; x_wconf 75' lang='lat' dir='ltr'>concellus</span> <span class='ocrx_word' id='word_1_217' title='bbox 861 1504 954 1540; x_wconf 89' lang='lat' dir='ltr'>istos</span> <span class='ocrx_word' id='word_1_218' title='bbox 999 1504 1111 1539; x_wconf 86' lang='lat' dir='ltr'>fuisse</span> <span class='ocrx_word' id='word_1_219' title='bbox 1145 1503 1362 1552; x_wconf 79' lang='lat' dir='ltr'>episcopOS,</span> <span class='ocrx_word' id='word_1_220' title='bbox 1407 1503 1555 1539; x_wconf 87' lang='lat' dir='ltr'>tametsi</span> 
     </span>
     <span class='ocr_line' id='line_1_25' title="bbox 106 1557 1556 1610; baseline -0.001 -13"><span class='ocrx_word' id='word_1_221' title='bbox 106 1560 381 1610; x_wconf 75' lang='lat' dir='ltr'>suffraganeos,</span> <span class='ocrx_word' id='word_1_222' title='bbox 404 1563 447 1596; x_wconf 90' lang='lat' dir='ltr'>ut</span> <span class='ocrx_word' id='word_1_223' title='bbox 474 1558 611 1608; x_wconf 76' lang='lat' dir='ltr'>Tyrius</span> <span class='ocrx_word' id='word_1_224' title='bbox 634 1559 808 1609; x_wconf 86' lang='lat' dir='ltr'>appellat.</span> <span class='ocrx_word' id='word_1_225' title='bbox 862 1563 902 1595; x_wconf 90' lang='lat' dir='ltr'>et</span> <span class='ocrx_word' id='word_1_226' title='bbox 923 1557 1166 1595; x_wconf 83' lang='lat' dir='ltr'>exocatacoeli</span> <span class='ocrx_word' id='word_1_227' title='bbox 1196 1558 1313 1595; x_wconf 88' lang='lat' dir='ltr'>nostri</span> <span class='ocrx_word' id='word_1_228' title='bbox 1338 1571 1414 1595; x_wconf 88' lang='lat' dir='ltr'>non</span> <span class='ocrx_word' id='word_1_229' title='bbox 1445 1562 1556 1595; x_wconf 89' lang='lat' dir='ltr'>erant</span> 
     </span>
     <span class='ocr_line' id='line_1_26' title="bbox 107 1613 1554 1666; baseline -0.001 -14"><span class='ocrx_word' id='word_1_230' title='bbox 107 1616 270 1666; x_wconf 85' lang='lat' dir='ltr'>episcopi</span> <span class='ocrx_word' id='word_1_231' title='bbox 286 1616 353 1651; x_wconf 89' lang='lat' dir='ltr'>sed</span> <span class='ocrx_word' id='word_1_232' title='bbox 371 1615 628 1663; x_wconf 82' lang='lat' dir='ltr'>patriarchales</span> <span class='ocrx_word' id='word_1_233' title='bbox 656 1615 810 1651; x_wconf 85' lang='lat' dir='ltr'>diaconi.</span> <span class='ocrx_word' id='word_1_234' title='bbox 841 1614 987 1651; x_wconf 86' lang='lat' dir='ltr'>valeant</span> <span class='ocrx_word' id='word_1_235' title='bbox 1014 1625 1103 1663; x_wconf 85' lang='lat' dir='ltr'>ergo</span> <span class='ocrx_word' id='word_1_236' title='bbox 1128 1614 1189 1650; x_wconf 89' lang='lat' dir='ltr'>isti</span> <span class='ocrx_word' id='word_1_237' title='bbox 1224 1613 1372 1662; x_wconf 57' lang='lat' dir='ltr'>cancelli,</span> <span class='ocrx_word' id='word_1_238' title='bbox 1396 1614 1554 1651; x_wconf 86' lang='lat' dir='ltr'>antehac</span> 
     </span>
     <span class='ocr_line' id='line_1_27' title="bbox 106 1670 1693 1723; baseline 0.001 -15"><span class='ocrx_word' id='word_1_239' title='bbox 106 1671 284 1723; x_wconf 80' lang='lat' dir='ltr'>inauditi,</span> <span class='ocrx_word' id='word_1_240' title='bbox 311 1670 521 1722; x_wconf 74' lang='lat' dir='ltr'>Tyriusque</span> <span class='ocrx_word' id='word_1_241' title='bbox 546 1683 634 1708; x_wconf 90' lang='lat' dir='ltr'>suos</span> <span class='ocrx_word' id='word_1_242' title='bbox 656 1671 821 1708; x_wconf 78' lang='lat' dir='ltr'>cancellos</span> <span class='ocrx_word' id='word_1_243' title='bbox 849 1675 888 1709; x_wconf 89' lang='lat' dir='ltr'>et</span> <span class='ocrx_word' id='word_1_244' title='bbox 915 1670 1082 1709; x_wconf 89' lang='lat' dir='ltr'>Codinus</span> <span class='ocrx_word' id='word_1_245' title='bbox 1100 1683 1188 1708; x_wconf 91' lang='lat' dir='ltr'>suos</span> <span class='ocrx_word' id='word_1_246' title='bbox 1214 1670 1468 1710; x_wconf 78' lang='lat' dir='ltr'>exocatacoelos</span> <span class='ocrx_word' id='word_1_247' title='bbox 1495 1683 1554 1708; x_wconf 87' lang='lat' dir='ltr'>re·</span> <span class='ocrx_word' id='word_1_248' title='bbox 1571 1673 1600 1707; x_wconf 86' lang='lat' dir='ltr'>P</span> <span class='ocrx_word' id='word_1_249' title='bbox 1626 1672 1693 1710; x_wconf 86' lang='lat'>155</span> 
     </span>
     <span class='ocr_line' id='line_1_28' title="bbox 103 1729 474 1766; baseline -0.003 0"><span class='ocrx_word' id='word_1_250' title='bbox 103 1729 233 1766; x_wconf 82' lang='lat' dir='ltr'>tineat.</span> <span class='ocrx_word' id='word_1_251' title='bbox 470 1757 474 1760; x_wconf 32' lang='lat'><strong>⁴</strong></span> 
     </span>
     <span class='ocr_line' id='line_1_29' title="bbox 217 1781 1551 1835; baseline -0.001 -13"><span class='ocrx_word' id='word_1_252' title='bbox 217 1784 354 1822; x_wconf 52' lang='lat' dir='ltr'>Nescio</span> <span class='ocrx_word' id='word_1_253' title='bbox 375 1796 424 1821; x_wconf 89' lang='lat' dir='ltr'>an</span> <span class='ocrx_word' id='word_1_254' title='bbox 462 1784 616 1822; x_wconf 83' lang='lat' dir='ltr'>audeam</span> <span class='ocrx_word' id='word_1_255' title='bbox 650 1794 857 1835; x_wconf 86' lang='lat' dir='ltr'>proponere</span> <span class='ocrx_word' id='word_1_256' title='bbox 895 1781 1140 1820; x_wconf 88' lang='lat' dir='ltr'>coniecturam</span> <span class='ocrx_word' id='word_1_257' title='bbox 1177 1794 1318 1831; x_wconf 87' lang='lat' dir='ltr'>meam,</span> <span class='ocrx_word' id='word_1_258' title='bbox 1350 1794 1460 1832; x_wconf 89' lang='lat' dir='ltr'>quam</span> <span class='ocrx_word' id='word_1_259' title='bbox 1487 1782 1551 1820; x_wconf 87' lang='lat' dir='ltr'>diu</span> 
     </span>
     <span class='ocr_line' id='line_1_30' title="bbox 106 1838 1550 1904; baseline -0.001 -27"><span class='ocrx_word' id='word_1_260' title='bbox 106 1841 178 1877; x_wconf 88' lang='lat' dir='ltr'>iam</span> <span class='ocrx_word' id='word_1_261' title='bbox 198 1853 343 1892; x_wconf 89' lang='lat' dir='ltr'>premo:</span> <span class='ocrx_word' id='word_1_262' title='bbox 380 1841 448 1877; x_wconf 88' lang='lat' dir='ltr'>sed</span> <span class='ocrx_word' id='word_1_263' title='bbox 474 1844 683 1904; x_wconf 81' lang='lat' dir='ltr'>promatur,</span> <span class='ocrx_word' id='word_1_264' title='bbox 716 1839 1013 1889; x_wconf 88' lang='lat' dir='ltr'>quandoquidem</span> <span class='ocrx_word' id='word_1_265' title='bbox 1041 1839 1175 1875; x_wconf 87' lang='lat' dir='ltr'>nullius</span> <span class='ocrx_word' id='word_1_266' title='bbox 1205 1838 1365 1889; x_wconf 89' lang='lat' dir='ltr'>periculo</span> <span class='ocrx_word' id='word_1_267' title='bbox 1404 1849 1550 1889; x_wconf 88' lang='lat' dir='ltr'>prome-</span> 
     </span>
     <span class='ocr_line' id='line_1_31' title="bbox 106 1891 1552 1945; baseline 0 -11"><span class='ocrx_word' id='word_1_268' title='bbox 106 1902 177 1934; x_wconf 79' lang='lat' dir='ltr'>tur.</span> <span class='ocrx_word' id='word_1_269' title='bbox 252 1897 343 1945; x_wconf 88' lang='lat' dir='ltr'>quid</span> <span class='ocrx_word' id='word_1_270' title='bbox 391 1897 423 1933; x_wconf 91' lang='lat' dir='ltr'>si</span> <span class='ocrx_word' id='word_1_271' title='bbox 474 1897 582 1933; x_wconf 89' lang='lat' dir='ltr'>unica</span> <span class='ocrx_word' id='word_1_272' title='bbox 637 1895 782 1934; x_wconf 87' lang='lat' dir='ltr'>literula</span> <span class='ocrx_word' id='word_1_273' title='bbox 826 1899 969 1932; x_wconf 90' lang='lat' dir='ltr'>mutata</span> <span class='ocrx_word' id='word_1_274' title='bbox 1008 1895 1171 1945; x_wconf 81' lang='lat' dir='ltr'>legamus</span> <span class='ocrx_word' id='word_1_275' title='bbox 1222 1891 1552 1942; x_wconf 67' lang='grc' dir='ltr'>ἐξωκατάκοιτοιέ)</span> 
     </span>
     <span class='ocr_line' id='line_1_32' title="bbox 105 1951 1552 2003; baseline -0.002 -13"><span class='ocrx_word' id='word_1_276' title='bbox 105 1966 167 2003; x_wconf 75' lang='lat' dir='ltr'>qut</span> <span class='ocrx_word' id='word_1_277' title='bbox 161 1952 274 2003; x_wconf 72' lang='lat' dir='ltr'>foris</span> <span class='ocrx_word' id='word_1_278' title='bbox 296 1953 489 1999; x_wconf 80' lang='lat' dir='ltr'>dormiunt,</span> <span class='ocrx_word' id='word_1_279' title='bbox 518 1955 581 2002; x_wconf 80' lang='lat' dir='ltr'>qui</span> <span class='ocrx_word' id='word_1_280' title='bbox 596 1952 686 2003; x_wconf 73' lang='lat' dir='ltr'>soris</span> <span class='ocrx_word' id='word_1_281' title='bbox 713 1953 861 1999; x_wconf 80' lang='lat' dir='ltr'>cubant,</span> <span class='ocrx_word' id='word_1_282' title='bbox 892 1964 969 1988; x_wconf 90' lang='lat' dir='ltr'>non</span> <span class='ocrx_word' id='word_1_283' title='bbox 996 1952 1034 1988; x_wconf 89' lang='lat' dir='ltr'>in</span> <span class='ocrx_word' id='word_1_284' title='bbox 1060 1951 1307 2001; x_wconf 77' lang='lat' dir='ltr'>patriarcheoz</span> <span class='ocrx_word' id='word_1_285' title='bbox 1336 1951 1421 1988; x_wconf 89' lang='lat' dir='ltr'>olim</span> <span class='ocrx_word' id='word_1_286' title='bbox 1447 1963 1552 1988; x_wconf 83' lang='lat' dir='ltr'>nam-</span> 
     </span>
     <span class='ocr_line' id='line_1_33' title="bbox 105 2007 1552 2060; baseline -0.001 -14"><span class='ocrx_word' id='word_1_287' title='bbox 105 2021 177 2060; x_wconf 89' lang='lat' dir='ltr'>que</span> <span class='ocrx_word' id='word_1_288' title='bbox 206 2009 374 2059; x_wconf 86' lang='lat' dir='ltr'>proprias</span> <span class='ocrx_word' id='word_1_289' title='bbox 406 2009 575 2046; x_wconf 88' lang='lat' dir='ltr'>ecclesias</span> <span class='ocrx_word' id='word_1_290' title='bbox 612 2008 938 2056; x_wconf 82' lang='lat' dir='ltr'>administrabant,</span> <span class='ocrx_word' id='word_1_291' title='bbox 980 2012 1018 2044; x_wconf 91' lang='lat' dir='ltr'>et</span> <span class='ocrx_word' id='word_1_292' title='bbox 1049 2008 1101 2044; x_wconf 86' lang='lat' dir='ltr'>sic</span> <span class='ocrx_word' id='word_1_293' title='bbox 1135 2020 1202 2044; x_wconf 86' lang='lat' dir='ltr'>sua</span> <span class='ocrx_word' id='word_1_294' title='bbox 1234 2007 1415 2044; x_wconf 88' lang='lat' dir='ltr'>domicilia</span> <span class='ocrx_word' id='word_1_295' title='bbox 1446 2011 1552 2045; x_wconf 83' lang='lat' dir='ltr'>extra</span> 
     </span>
     <span class='ocr_line' id='line_1_34' title="bbox 103 2063 1548 2114; baseline -0.001 -12"><span class='ocrx_word' id='word_1_296' title='bbox 103 2077 260 2114; x_wconf 79' lang='lat' dir='ltr'>magnae</span> <span class='ocrx_word' id='word_1_297' title='bbox 291 2064 462 2101; x_wconf 87' lang='lat' dir='ltr'>ecclesiae</span> <span class='ocrx_word' id='word_1_298' title='bbox 490 2065 622 2102; x_wconf 91' lang='lat' dir='ltr'>limites</span> <span class='ocrx_word' id='word_1_299' title='bbox 656 2064 887 2113; x_wconf 83' lang='lat' dir='ltr'>incolebant,</span> <span class='ocrx_word' id='word_1_300' title='bbox 923 2064 962 2100; x_wconf 90' lang='lat' dir='ltr'>in</span> <span class='ocrx_word' id='word_1_301' title='bbox 999 2064 1116 2113; x_wconf 88' lang='lat' dir='ltr'>iisque</span> <span class='ocrx_word' id='word_1_302' title='bbox 1157 2063 1316 2113; x_wconf 88' lang='lat' dir='ltr'>quietem</span> <span class='ocrx_word' id='word_1_303' title='bbox 1343 2063 1548 2114; x_wconf 81' lang='lat' dir='ltr'>capiebant.</span> 
     </span>
     <span class='ocr_line' id='line_1_35' title="bbox 102 2117 1548 2167; baseline 0.001 -9"><span class='ocrx_word' id='word_1_304' title='bbox 102 2122 236 2160; x_wconf 88' lang='lat' dir='ltr'>Canon</span> <span class='ocrx_word' id='word_1_305' title='bbox 253 2120 452 2158; x_wconf 85' lang='lat' dir='ltr'>Trullanus</span> <span class='ocrx_word' id='word_1_306' title='bbox 474 2119 528 2161; x_wconf 82' lang='grc'>46</span> <span class='ocrx_word' id='word_1_307' title='bbox 549 2122 597 2158; x_wconf 87' lang='lat' dir='ltr'>de</span> <span class='ocrx_word' id='word_1_308' title='bbox 625 2120 862 2158; x_wconf 85' lang='lat' dir='ltr'>monialibus:</span> <span class='ocrx_word' id='word_1_309' title='bbox 888 2123 1087 2166; x_wconf 81' lang='grc' dir='ltr'><em>παντελῶς</em></span> <span class='ocrx_word' id='word_1_310' title='bbox 1109 2118 1151 2158; x_wconf 79' lang='grc' dir='ltr'>δὲ</span> <span class='ocrx_word' id='word_1_311' title='bbox 1171 2117 1310 2166; x_wconf 76' lang='grc' dir='ltr'><em>αὐταῖς</em></span> <span class='ocrx_word' id='word_1_312' title='bbox 1327 2119 1548 2167; x_wconf 60' lang='lat' dir='ltr'>{gomanno</span> 
     </span>
     <span class='ocr_line' id='line_1_36' title="bbox 103 2172 1542 2227; baseline -0.001 -11"><span class='ocrx_word' id='word_1_313' title='bbox 103 2172 179 2217; x_wconf 72' lang='grc' dir='ltr'>οὔκ</span> <span class='ocrx_word' id='word_1_314' title='bbox 199 2176 332 2224; x_wconf 79' lang='grc' dir='ltr'>ἔξεστι.</span> <span class='ocrx_word' id='word_1_315' title='bbox 388 2177 451 2213; x_wconf 89' lang='lat' dir='ltr'>ubi</span> <span class='ocrx_word' id='word_1_316' title='bbox 468 2176 634 2214; x_wconf 88' lang='lat' dir='ltr'>Zonaras</span> <span class='ocrx_word' id='word_1_317' title='bbox 652 2177 816 2214; x_wconf 89' lang='lat' dir='ltr'>Graecus</span> <span class='ocrx_word' id='word_1_318' title='bbox 837 2177 1036 2225; x_wconf 84' lang='lat' dir='ltr'>interpres:</span> <span class='ocrx_word' id='word_1_319' title='bbox 1060 2175 1128 2215; x_wconf 82' lang='grc' dir='ltr'>καὶ</span> <span class='ocrx_word' id='word_1_320' title='bbox 1156 2174 1253 2227; x_wconf 79' lang='grc' dir='ltr'><em>μηδὲ</em></span> <span class='ocrx_word' id='word_1_321' title='bbox 1274 2175 1346 2222; x_wconf 76' lang='grc' dir='ltr'>ἔξω</span> <span class='ocrx_word' id='word_1_322' title='bbox 1372 2178 1445 2225; x_wconf 84' lang='grc' dir='ltr'>τῆς</span> <span class='ocrx_word' id='word_1_323' title='bbox 1470 2190 1542 2225; x_wconf 79' lang='grc' dir='ltr'>μο-</span> 
     </span>
     <span class='ocr_line' id='line_1_37' title="bbox 102 2229 1542 2285; baseline -0.003 -13"><span class='ocrx_word' id='word_1_324' title='bbox 102 2235 178 2283; x_wconf 78' lang='grc' dir='ltr'>νῆς</span> <span class='ocrx_word' id='word_1_325' title='bbox 195 2230 270 2284; x_wconf 76' lang='grc' dir='ltr'>τήν</span> <span class='ocrx_word' id='word_1_326' title='bbox 296 2229 422 2272; x_wconf 76' lang='grc' dir='ltr'><strong><em>νύκτα</em></strong></span> <span class='ocrx_word' id='word_1_327' title='bbox 442 2230 607 2285; x_wconf 78' lang='grc' dir='ltr'>διάγειν·</span> <span class='ocrx_word' id='word_1_328' title='bbox 631 2236 747 2272; x_wconf 81' lang='grc' dir='ltr'><strong>τοῦτο</strong></span> <span class='ocrx_word' id='word_1_329' title='bbox 767 2230 841 2284; x_wconf 76' lang='grc' dir='ltr'>γὰρ</span> <span class='ocrx_word' id='word_1_330' title='bbox 861 2229 904 2270; x_wconf 77' lang='grc' dir='ltr'>τὸ</span> <span class='ocrx_word' id='word_1_331' title='bbox 931 2233 1161 2279; x_wconf 79' lang='grc' dir='ltr'>ἐξωκοιτεῖν.</span> <span class='ocrx_word' id='word_1_332' title='bbox 1219 2231 1440 2282; x_wconf 86' lang='lat' dir='ltr'>probabilior</span> <span class='ocrx_word' id='word_1_333' title='bbox 1458 2232 1542 2268; x_wconf 88' lang='lat' dir='ltr'>red-</span> 
     </span>
     <span class='ocr_line' id='line_1_38' title="bbox 101 2288 1542 2337; baseline -0.002 -11"><span class='ocrx_word' id='word_1_334' title='bbox 101 2290 251 2326; x_wconf 89' lang='lat' dir='ltr'>deretur</span> <span class='ocrx_word' id='word_1_335' title='bbox 268 2289 494 2337; x_wconf 83' lang='lat' dir='ltr'>coniectura,</span> <span class='ocrx_word' id='word_1_336' title='bbox 516 2289 547 2325; x_wconf 81' lang='lat' dir='ltr'>si</span> <span class='ocrx_word' id='word_1_337' title='bbox 564 2288 878 2336; x_wconf 76' lang='grc' dir='ltr'><strong><em>ἐξωκατακοιτεῖν</em></strong></span> <span class='ocrx_word' id='word_1_338' title='bbox 899 2288 1092 2337; x_wconf 87' lang='lat' dir='ltr'>legeretur.</span> <span class='ocrx_word' id='word_1_339' title='bbox 1130 2300 1256 2325; x_wconf 86' lang='lat' dir='ltr'>verum</span> <span class='ocrx_word' id='word_1_340' title='bbox 1276 2289 1376 2337; x_wconf 90' lang='lat' dir='ltr'>prior</span> <span class='ocrx_word' id='word_1_341' title='bbox 1395 2299 1542 2336; x_wconf 92' lang='lat' dir='ltr'>quoque</span> 
     </span>
     <span class='ocr_line' id='line_1_39' title="bbox 101 2343 1542 2394; baseline -0.002 -12"><span class='ocrx_word' id='word_1_342' title='bbox 101 2345 210 2382; x_wconf 82' lang='lat' dir='ltr'>lectio</span> <span class='ocrx_word' id='word_1_343' title='bbox 231 2345 429 2393; x_wconf 84' lang='lat' dir='ltr'>suspicioni</span> <span class='ocrx_word' id='word_1_344' title='bbox 451 2349 600 2381; x_wconf 86' lang='lat' dir='ltr'>nostrae</span> <span class='ocrx_word' id='word_1_345' title='bbox 632 2345 767 2394; x_wconf 85' lang='lat' dir='ltr'>aliquid</span> <span class='ocrx_word' id='word_1_346' title='bbox 793 2344 1113 2382; x_wconf 83' lang='lat' dir='ltr'>verisimilitudinis</span> <span class='ocrx_word' id='word_1_347' title='bbox 1141 2344 1329 2389; x_wconf 80' lang='lat' dir='ltr'>conciliat3</span> <span class='ocrx_word' id='word_1_348' title='bbox 1358 2343 1542 2392; x_wconf 85' lang='lat' dir='ltr'>longeque</span> 
     </span>
     <span class='ocr_line' id='line_1_40' title="bbox 100 2399 1541 2451; baseline 0 -15"><span class='ocrx_word' id='word_1_349' title='bbox 100 2400 183 2451; x_wconf 87' lang='lat' dir='ltr'>plus</span> <span class='ocrx_word' id='word_1_350' title='bbox 198 2401 396 2437; x_wconf 83' lang='lat' dir='ltr'>fulcimenti</span> <span class='ocrx_word' id='word_1_351' title='bbox 411 2401 531 2436; x_wconf 86' lang='lat' dir='ltr'>adhuc</span> <span class='ocrx_word' id='word_1_352' title='bbox 547 2402 755 2448; x_wconf 87' lang='lat' dir='ltr'>accederet,</span> <span class='ocrx_word' id='word_1_353' title='bbox 784 2402 814 2436; x_wconf 91' lang='lat' dir='ltr'>si</span> <span class='ocrx_word' id='word_1_354' title='bbox 833 2401 961 2450; x_wconf 88' lang='lat' dir='ltr'>aliquis</span> <span class='ocrx_word' id='word_1_355' title='bbox 986 2414 1041 2436; x_wconf 78' lang='lat' dir='ltr'>lus</span> <span class='ocrx_word' id='word_1_356' title='bbox 1071 2401 1187 2437; x_wconf 73' lang='lat' dir='ltr'>codex</span> <span class='ocrx_word' id='word_1_357' title='bbox 1208 2399 1541 2445; x_wconf 74' lang='grc' dir='ltr'><em>ἐξωκατακοίτους</em></span> 
     </span>
     <span class='ocr_line' id='line_1_41' title="bbox 99 2452 1540 2507; baseline -0.001 -14"><span class='ocrx_word' id='word_1_358' title='bbox 99 2457 205 2494; x_wconf 88' lang='lat' dir='ltr'>nobis</span> <span class='ocrx_word' id='word_1_359' title='bbox 223 2460 525 2506; x_wconf 86' lang='lat' dir='ltr'>repraesentaret.</span> <span class='ocrx_word' id='word_1_360' title='bbox 580 2458 680 2507; x_wconf 84' lang='lat' dir='ltr'>apud</span> <span class='ocrx_word' id='word_1_361' title='bbox 696 2456 864 2493; x_wconf 84' lang='lat' dir='ltr'>Nicetam</span> <span class='ocrx_word' id='word_1_362' title='bbox 881 2458 919 2493; x_wconf 91' lang='lat' dir='ltr'>in</span> <span class='ocrx_word' id='word_1_363' title='bbox 940 2458 1015 2495; x_wconf 87' lang='lat' dir='ltr'>vita</span> <span class='ocrx_word' id='word_1_364' title='bbox 1031 2457 1166 2506; x_wconf 82' lang='lat' dir='ltr'>Ignatii</span> <span class='ocrx_word' id='word_1_365' title='bbox 1180 2455 1262 2504; x_wconf 80' lang='lat' dir='ltr'>lege</span> <span class='ocrx_word' id='word_1_366' title='bbox 1284 2453 1401 2492; x_wconf 83' lang='grc' dir='ltr'>Λέων</span> <span class='ocrx_word' id='word_1_367' title='bbox 1428 2452 1451 2493; x_wconf 84' lang='grc' dir='ltr'>ὁ</span> <span class='ocrx_word' id='word_1_368' title='bbox 1467 2469 1540 2492; x_wconf 81' lang='grc' dir='ltr'>κα-</span> 
     </span>
     <span class='ocr_line' id='line_1_42' title="bbox 99 2509 1539 2564; baseline -0.003 -12"><span class='ocrx_word' id='word_1_369' title='bbox 99 2509 292 2564; x_wconf 80' lang='grc' dir='ltr'><strong><em>λούμενος</em></strong></span> <span class='ocrx_word' id='word_1_370' title='bbox 316 2513 569 2558; x_wconf 76' lang='grc' dir='ltr'><strong><em>κατακοίλας;</em></strong></span> <span class='ocrx_word' id='word_1_371' title='bbox 598 2513 664 2550; x_wconf 91' lang='lat' dir='ltr'>sed</span> <span class='ocrx_word' id='word_1_372' title='bbox 692 2513 781 2549; x_wconf 87' lang='lat' dir='ltr'>nihil</span> <span class='ocrx_word' id='word_1_373' title='bbox 803 2513 861 2550; x_wconf 91' lang='lat' dir='ltr'>hic</span> <span class='ocrx_word' id='word_1_374' title='bbox 888 2513 937 2549; x_wconf 91' lang='lat' dir='ltr'>ad</span> <span class='ocrx_word' id='word_1_375' title='bbox 962 2513 1165 2550; x_wconf 91' lang='lat' dir='ltr'>rhombum.</span> <span class='ocrx_word' id='word_1_376' title='bbox 1212 2515 1379 2559; x_wconf 88' lang='lat' dir='ltr'>tempore</span> <span class='ocrx_word' id='word_1_377' title='bbox 1401 2509 1539 2547; x_wconf 87' lang='lat' dir='ltr'>Leonis</span> 
     </span>
     <span class='ocr_line' id='line_1_43' title="bbox 102 2566 1536 2618; baseline -0.001 -14"><span class='ocrx_word' id='word_1_378' title='bbox 102 2568 284 2618; x_wconf 85' lang='lat' dir='ltr'>Armenii,</span> <span class='ocrx_word' id='word_1_379' title='bbox 303 2573 342 2606; x_wconf 86' lang='lat' dir='ltr'>et</span> <span class='ocrx_word' id='word_1_380' title='bbox 365 2573 452 2605; x_wconf 88' lang='lat' dir='ltr'>ante</span> <span class='ocrx_word' id='word_1_381' title='bbox 467 2568 614 2617; x_wconf 86' lang='lat' dir='ltr'>itidem,</span> <span class='ocrx_word' id='word_1_382' title='bbox 640 2567 757 2605; x_wconf 86' lang='lat' dir='ltr'>clerici</span> <span class='ocrx_word' id='word_1_383' title='bbox 774 2569 926 2618; x_wconf 87' lang='lat' dir='ltr'>palatini</span> <span class='ocrx_word' id='word_1_384' title='bbox 949 2582 1026 2605; x_wconf 90' lang='lat' dir='ltr'>non</span> <span class='ocrx_word' id='word_1_385' title='bbox 1054 2570 1091 2604; x_wconf 81' lang='lat' dir='ltr'>in</span> <span class='ocrx_word' id='word_1_386' title='bbox 1118 2567 1255 2618; x_wconf 85' lang='lat' dir='ltr'>palatio</span> <span class='ocrx_word' id='word_1_387' title='bbox 1287 2567 1354 2603; x_wconf 83' lang='lat' dir='ltr'>sed</span> <span class='ocrx_word' id='word_1_388' title='bbox 1385 2566 1474 2603; x_wconf 84' lang='lat' dir='ltr'>foris</span> <span class='ocrx_word' id='word_1_389' title='bbox 1497 2567 1536 2604; x_wconf 87' lang='lat' dir='ltr'>in</span> 
     </span>
     <span class='ocr_line' id='line_1_44' title="bbox 100 2621 1535 2673; baseline 0 -13"><span class='ocrx_word' id='word_1_390' title='bbox 100 2625 251 2673; x_wconf 73' lang='lat' dir='ltr'>privatis</span> <span class='ocrx_word' id='word_1_391' title='bbox 280 2625 432 2661; x_wconf 86' lang='lat' dir='ltr'>aedibus</span> <span class='ocrx_word' id='word_1_392' title='bbox 457 2624 798 2671; x_wconf 84' lang='lat' dir='ltr'>commorabantur,</span> <span class='ocrx_word' id='word_1_393' title='bbox 829 2629 868 2661; x_wconf 88' lang='lat' dir='ltr'>et</span> <span class='ocrx_word' id='word_1_394' title='bbox 892 2626 1002 2662; x_wconf 85' lang='lat' dir='ltr'>tertia</span> <span class='ocrx_word' id='word_1_395' title='bbox 1032 2625 1173 2660; x_wconf 87' lang='lat' dir='ltr'>circiter</span> <span class='ocrx_word' id='word_1_396' title='bbox 1199 2621 1322 2670; x_wconf 82' lang='lat' dir='ltr'>vigilia</span> <span class='ocrx_word' id='word_1_397' title='bbox 1346 2623 1463 2659; x_wconf 87' lang='lat' dir='ltr'>noctis</span> <span class='ocrx_word' id='word_1_398' title='bbox 1486 2624 1535 2660; x_wconf 89' lang='lat' dir='ltr'>ad</span> 
     </span>
     <span class='ocr_line' id='line_1_45' title="bbox 99 2677 1538 2730; baseline 0.001 -15"><span class='ocrx_word' id='word_1_399' title='bbox 99 2679 380 2730; x_wconf 75' lang='lat' dir='ltr'>Elephantinam</span> <span class='ocrx_word' id='word_1_400' title='bbox 394 2680 576 2730; x_wconf 86' lang='lat' dir='ltr'>(portam)</span> <span class='ocrx_word' id='word_1_401' title='bbox 595 2681 926 2729; x_wconf 81' lang='lat' dir='ltr'>congregabantur,</span> <span class='ocrx_word' id='word_1_402' title='bbox 943 2681 1100 2727; x_wconf 78' lang='lat' dir='ltr'>indeque</span> <span class='ocrx_word' id='word_1_403' title='bbox 1119 2680 1167 2715; x_wconf 82' lang='lat' dir='ltr'>ad</span> <span class='ocrx_word' id='word_1_404' title='bbox 1183 2677 1370 2714; x_wconf 85' lang='lat' dir='ltr'>ecelesiam</span> <span class='ocrx_word' id='word_1_405' title='bbox 1385 2679 1538 2716; x_wconf 84' lang='lat' dir='ltr'>abibant</span> 
     </span>
     <span class='ocr_line' id='line_1_46' title="bbox 98 2735 1537 2786; baseline 0.001 -15"><span class='ocrx_word' id='word_1_406' title='bbox 98 2739 137 2772; x_wconf 89' lang='lat' dir='ltr'>et</span> <span class='ocrx_word' id='word_1_407' title='bbox 156 2737 354 2773; x_wconf 87' lang='lat' dir='ltr'>matutinas</span> <span class='ocrx_word' id='word_1_408' title='bbox 376 2749 503 2786; x_wconf 88' lang='lat' dir='ltr'>preces</span> <span class='ocrx_word' id='word_1_409' title='bbox 524 2737 594 2772; x_wconf 90' lang='lat' dir='ltr'>deo</span> <span class='ocrx_word' id='word_1_410' title='bbox 613 2735 893 2785; x_wconf 86' lang='lat' dir='ltr'>persolvebant,</span> <span class='ocrx_word' id='word_1_411' title='bbox 920 2740 965 2773; x_wconf 87' lang='lat' dir='ltr'>ut</span> <span class='ocrx_word' id='word_1_412' title='bbox 979 2736 1106 2772; x_wconf 85' lang='lat' dir='ltr'>scribit</span> <span class='ocrx_word' id='word_1_413' title='bbox 1133 2735 1286 2771; x_wconf 85' lang='lat' dir='ltr'>loannes</span> <span class='ocrx_word' id='word_1_414' title='bbox 1310 2735 1537 2786; x_wconf 78' lang='lat' dir='ltr'>Ciiropalata</span> 
     </span>
     <span class='ocr_line' id='line_1_47' title="bbox 100 2790 1537 2844; baseline 0.001 -17"><span class='ocrx_word' id='word_1_415' title='bbox 100 2790 136 2827; x_wconf 89' lang='lat' dir='ltr'>iu</span> <span class='ocrx_word' id='word_1_416' title='bbox 162 2790 287 2829; x_wconf 91' lang='lat' dir='ltr'>Leone</span> <span class='ocrx_word' id='word_1_417' title='bbox 316 2792 499 2830; x_wconf 86' lang='lat' dir='ltr'>Armenio.</span> <span class='ocrx_word' id='word_1_418' title='bbox 545 2795 677 2844; x_wconf 86' lang='lat' dir='ltr'>postea</span> <span class='ocrx_word' id='word_1_419' title='bbox 704 2792 743 2829; x_wconf 87' lang='lat' dir='ltr'>in</span> <span class='ocrx_word' id='word_1_420' title='bbox 772 2792 856 2830; x_wconf 86' lang='lat' dir='ltr'>aula</span> <span class='ocrx_word' id='word_1_421' title='bbox 884 2804 951 2830; x_wconf 91' lang='lat' dir='ltr'>seu</span> <span class='ocrx_word' id='word_1_422' title='bbox 977 2791 1080 2841; x_wconf 79' lang='lat' dir='ltr'>regia</span> <span class='ocrx_word' id='word_1_423' title='bbox 1106 2790 1339 2841; x_wconf 84' lang='lat' dir='ltr'>habitarunt,</span> <span class='ocrx_word' id='word_1_424' title='bbox 1367 2805 1414 2829; x_wconf 91' lang='lat' dir='ltr'>eo</span> <span class='ocrx_word' id='word_1_425' title='bbox 1435 2792 1537 2842; x_wconf 87' lang='lat' dir='ltr'>quod</span> 
     </span>
    </p>
   </div>
  </div>
 </body>
</html>
