1832 3178
523 169 597 211 DE
631 168 863 213 OFFIGIIS
895 170 975 214 (ΣΡ.
1009 169 1120 214 GAP.
1150 171 1261 214 XX.
1515 170 1610 215 103

175 268 378 337 σταμένῶν
396 279 474 332 ἔξω
491 285 563 324 τοῦ
581 281 887 339 διαφράγματος
904 283 1007 338 μετὰ
1026 288 1105 327 τῶν
1125 281 1377 341 παρασήμων
1397 285 1462 326 καὶ
1485 300 1610 342 φορε-

172 348 310 404 ‘witin
332 349 477 393 αὖτῶν.
542 351 607 391 καὶ
628 348 781 406 θρόνου
807 352 997 408 ἠερανέου
1025 353 1210 403 τεθέντος
1237 351 1340 395 κατὰ
1361 351 1406 394 τὸ
1426 356 1500 394 τοῦ
1520 369 1607 408 τρι-

173 419 304 460 κλίνου
323 419 457 475 τρίτον
475 417 703 474 μέρος.ἀπὸ
732 424 804 461 τοῦ
831 421 967 474 τοίχου
990 419 1091 478 πρὸς
1111 421 1181 463 τὸν
1200 420 1392 474 βασιλέα,
1424 437 1606 476 περισκε-

170 486 345 540 πομένου
375 485 444 529 διὰ
469 488 636 539 βλατιόυ
656 491 832 541 χρυσοῦ,
879 488 1034 544 ἔρχεται
1062 487 1084 531 ὃ
1113 487 1335 544 ὖπόψηφος
1359 487 1607 544 πατριάρχης

131 562 160 596 ·5
172 551 410 611 (ὖπόψηφος
429 554 505 610 γὰρ
524 554 640 611 μέχρι
664 552 752 597 τότε
773 555 951 610 λέγεται)
976 558 1043 598 καὶ
1061 558 1214 608 καθίζει
1234 556 1299 599 ἐπ’
1319 557 1457 600 αὐτοῦ.
1523 554 1607 598 εἶτα

162 626 248 664 ’τῶν
262 623 438 675 βλατίων
454 626 526 665 τοῦ
546 620 852 678 διαφράγματος
873 625 1092 680 αἰρομένων
1112 625 1341 667 ἀνίστανται
1368 621 1605 681 ἀμφότεροι,
1629 628 1660 662 C

167 685 235 731 καὶ
250 689 399 740 πάντες
417 690 558 733 αὐτίκα
575 692 913 746 πολιχρονιζουσι.
981 694 1047 734 καὶ
1064 693 1166 746 μετὰ
1185 697 1302 735 τοῦτο
1330 693 1402 735 οὔκ
1427 691 1506 735 ἀπὸ
1528 697 1608 735 τῶν

168 757 404 812 ἀξιωμάτων
416 776 489 810 τις,
514 758 626 800 τοῦτ’
641 757 746 800 ἔστιν
762 758 787 814 ἢ
801 758 1034 815 δεσπότηςῆ
1047 759 1382 817 σεβαστοκράτωρ
1393 759 1417 815 ἢ
1430 762 1608 818 Καῖσαρ,

167 826 279 883 φέρει
294 826 365 868 τὸν
373 824 594 885 ὖπόψηφον
608 826 720 880 (οὐδὲ
734 826 810 885 γὰρ
827 830 1065 883 ἐπιδημοῦσιν
1083 823 1192 875 οὗτοι
1210 836 1297 887 ταῖς
1312 833 1392 872 τῶν
1408 846 1608 886 πατριαρ-

115 901 159 936 10
161 898 247 948 χῶν
263 892 507 950 προβλήσεσι
523 899 573 951 τῇ
595 896 702 954 αἰτία
724 894 783 937 ὅτι
803 900 875 938 τοῦ
894 894 1146 954 πατριάρχου
1166 897 1396 952 καθημένου
1416 895 1610 940 ἄνοικεῖόν

165 962 272 1012 ἐστιν
296 964 494 1015 ἵστασθαι
527 961 716 1012 τούτους·
751 961 871 1006 πάλιν
902 965 945 1007 δὲ
972 970 1044 1020 τῆς
1074 970 1154 1008 τῶν
1184 966 1384 1019 βασιλέων
1409 965 1610 1021 εὐφημίας

164 1029 368 1084 γινομένης
384 1030 456 1073 οὒκ
473 1031 623 1088 ἐφεῖται
647 1028 811 1081 τούτους
828 1036 1061 1087 καθῆσθαι·
1088 1033 1157 1075 διὰ
1174 1038 1293 1076 τοῦτο
1313 1034 1379 1075 καὶ
1402 1033 1448 1075 οὖ
1466 1031 1608 1091 πάρει-

165 1098 247 1150 σιν)
267 1097 359 1140 ἀλλ’
385 1098 464 1141 ἀπὸ
482 1103 562 1141 τῶν
575 1097 814 1154 άρχόντωνὸ
831 1102 1017 1157 κρείττων
1033 1103 1098 1143 καὶ
1119 1099 1418 1159 ὁιαᾳοριῦτερος
1434 1101 1608 1155 ἐπαίρων

165 1164 236 1208 διὰ
260 1164 398 1224 χειρὸς
433 1158 544 1223 φέρει
574 1171 714 1209 τοῦτον
748 1167 978 1224 ἔμπροσθεν
1005 1174 1078 1224 τῆς
1112 1169 1366 1226 ἃναβάθρας.
1434 1174 1506 1212 τοῦ
1536 1163 1607 1211 οὖν

111 1241 153 1276 15
165 1238 454 1292 πατριαρχικοῦ
481 1236 697 1277 δικανικίου
726 1236 846 1279 ἐκεῖσε
871 1237 917 1279 ’ἐν
941 1241 999 1296 τῷ
1018 1237 1180 1293 ῥηθέντι
1201 1235 1478 1295 διαφράγματι
1499 1234 1608 1293 εὖρι-

163 1301 370 1356 σκομένου,
405 1303 541 1356 λαβὼν
567 1308 684 1346 τοῦτο
715 1301 737 1345 ὃ
763 1297 954 1358 βασιλεὺς
983 1305 1050 1354 διά
1074 1323 1181 1356 τινος
1200 1310 1280 1348 τῶν
1295 1306 1353 1361 ’μὴ
1374 1303 1608 1362 φορούντων

163 1369 326 1412 σκιάδια
340 1367 523 1426 Ιεὖγενιῑίις,
556 1371 769 1426 ἱσταμένου
795 1375 861 1414 καὶ
880 1378 953 1416 τοῦ
969 1375 1167 1427 βασιλέως
1184 1376 1249 1416 καὶ
1266 1378 1338 1416 τοῦ
1354 1373 1443 1415 υἱοῦ
1466 1374 1602 1422 αὐτοῦ,
1626 1377 1657 1411 Ι)

163 1439 199 1479 εἴ
213 1430 403 1493 πάρεστιν
425 1439 569 1490 ἔκεΐσε,
601 1438 754 1497 μεγάλῃ
786 1446 902 1497 φωνῇ
934 1442 1034 1497 λέγει
1061 1442 1188 1492 οὕτως
1209 1440 1265 1496 “ἦ
1287 1439 1381 1498 ἁγία
1398 1441 1513 1497 τριὰς
1537 1440 1605 1482 διὰ

162 1510 235 1560 τῆς
262 1507 364 1563 παρ’
388 1507 511 1560 αῧτῆς
534 1509 785 1563 ὁωρηθείσης
805 1507 900 1562 ἡμῖν
916 1511 1122 1562 βασιλείας
1138 1508 1409 1564 προβάλλεταί
1426 1525 1469 1552 σε
1490 1511 1606 1565 ἀρχι-

107 1574 375 1616 Ξθεπίσκοπον
402 1575 882 1626 Κωνοταντινθυπόλεως,
916 1577 1007 1625 νέας
1027 1575 1209 1630 Ῥώμης,
1244 1578 1309 1618 καὶ
1336 1575 1607 1631 σι’κουμενικὸν

162 1639 460 1697 πατριάρχην.”
530 1643 594 1683 καὶ
627 1641 753 1691 οὕτως
779 1643 922 1685 αὐτίκα
947 1645 1271 1700 πολυχρονίζουσι
1298 1642 1454 1694 πάντες.
1522 1641 1606 1685 εἶτα

163 1705 185 1748 ὅ
205 1706 454 1766 πατριάρχης
472 1710 533 1751 ἐπὶ
553 1715 624 1764 τῆς
644 1709 889 1767 ἀναβάθρας
904 1711 1092 1758 ἀνελθὼν
1105 1710 1302 1766 λαμβάνει
1323 1712 1369 1754 τὸ
1391 1712 1605 1754 δικανίκιον

252 1837 297 1872 12
318 1835 515 1882 γενομένης
536 1838 565 1871 Ρ
722 1837 767 1874 15
789 1836 1017 1883 πατριάρχου
1038 1840 1068 1874 P
1213 1841 1257 1876 18
1277 1837 1303 1884 ἢ
1326 1837 1398 1885 τὴν
1418 1838 1606 1885 βασιλείαν

248 1881 484 1928 δωρησαμένη
505 1880 593 1928 ἡμῖν
618 1883 648 1919 Α

157 1993 247 2029 clavi
269 2005 352 2038 suo,
377 1995 534 2030 omnibus
556 1996 758 2041 proceribus
782 2003 882 2034 extra
902 2003 1038 2045 septum
1062 1998 1332 2033 consistentibus
1355 2009 1430 2033 cum
1453 1997 1526 2032 suis
1549 1997 1603 2031 in-

157 2039 313 2084 signibus
337 2045 372 2074 et
394 2041 622 2083 ornamentis3
645 2043 830 2089 positoque
853 2045 968 2079 caesio
992 2045 1117 2079 throno
1141 2044 1233 2079 circa
1256 2043 1392 2078 tertiam
1415 2042 1559 2077 triclinii
1582 2054 1604 2077 a

156 2086 292 2129 pariete
302 2086 484 2121 distantem
496 2094 639 2132 partem,
649 2099 772 2123 versus
787 2090 1042 2134 imperatorem,
1057 2091 1117 2135 qui
1132 2090 1247 2124 aureis
1262 2089 1463 2124 velamentis
1478 2089 1604 2122 instra-

158 2136 213 2164 tus
233 2136 297 2174 est,
322 2132 419 2166 venit
441 2131 570 2167 electus
594 2144 655 2166 seu
679 2135 855 2180 suffragiis
878 2136 989 2170 adhuc
1013 2135 1183 2170 obnoxius
1207 2136 1265 2176 (eo
1290 2146 1399 2180 usque
1423 2134 1514 2169 enim
1538 2135 1604 2168 hoc

157 2175 295 2210 nomine
319 2176 529 2222 appellatur)
559 2183 595 2212 et
629 2179 728 2214 sedet
760 2181 795 2214 in
826 2181 898 2215 illo.
946 2181 1072 2215 deinde
1101 2181 1245 2215 sublatis
1275 2181 1367 2227 septi
1397 2179 1603 2214 velamentis

157 2221 270 2265 surgit
291 2227 460 2267 uterque3
492 2228 529 2256 et
549 2234 628 2258 mox
651 2236 768 2259 omnes
790 2237 852 2260 ora
873 2226 910 2260 in
931 2227 1210 2272 apprecutionem
1233 2226 1412 2261 multorum
1435 2236 1600 2259 annorum

157 2265 348 2303 resolvunt.
394 2271 475 2312 post
496 2268 583 2302 haec
604 2281 674 2303 non
696 2271 821 2316 aliquis
844 2283 972 2306 summa
996 2273 1032 2306 in
1055 2273 1225 2317 dignitate
1256 2272 1485 2312 constitutus,
1516 2276 1602 2313 puta

158 2310 215 2345 vel
238 2311 382 2356 despota
404 2313 461 2346 vel
482 2314 735 2350 sebastem-ator
756 2317 813 2351 vel
827 2318 971 2362 caesar,
997 2318 1091 2352 sistit
1113 2318 1255 2351 electum
1278 2319 1410 2361 (neque
1430 2316 1519 2349 enim
1541 2315 1602 2348 isti

158 2356 432 2402 patriarcharum
453 2358 763 2396 renuntiationibus
786 2363 956 2397 interesse
978 2363 1112 2406 solent,
1138 2363 1204 2396 hac
1228 2364 1272 2397 de
1293 2373 1408 2403 causa,
1433 2361 1514 2405 quia
1537 2371 1601 2404 pa—

157 2402 308 2441 triarcha
329 2403 475 2437 sedente
495 2403 669 2439 insolitum
693 2412 748 2442 est
768 2407 863 2452 ipsos
887 2414 1000 2443 stare:
1034 2420 1154 2443 rursus
1178 2409 1293 2442 fausta
1314 2406 1512 2441 acclamatio
1535 2406 1599 2439 im—

155 2447 376 2493 peratoribus
405 2449 500 2482 facta
532 2461 600 2484 non
630 2452 715 2487 sinit
746 2458 784 2487 ut
816 2453 876 2487 isti
909 2454 1076 2496 sedeant3
1110 2455 1328 2498 quamobrem
1352 2463 1422 2485 non
1445 2451 1605 2493 adsunt),-

156 2493 219 2527 sed
254 2505 298 2527 ex
328 2493 530 2538 proceribus
561 2495 699 2539 dignior
731 2503 768 2532 et
795 2499 998 2534 eminentior
1030 2511 1130 2533 manu
1161 2499 1365 2543 prehensum
1399 2496 1496 2530 ducit
1518 2502 1600 2530 ante

156 2539 394 2577 amba-thram-
439 2545 580 2584 reperto
605 2548 718 2576 autem
738 2543 831 2578 intra
853 2551 986 2590 septum
1011 2544 1233 2598 patriarchali
1255 2543 1364 2588 pedo,
1398 2541 1612 2586 imperator„
1664 2568 1666 2570 .

156 2584 349 2626 ministerio
382 2584 508 2619 nobilis
530 2585 756 2622 adolescentis
781 2601 823 2623 ex
846 2589 890 2623 iis
913 2590 972 2636 qui
995 2602 1071 2623 sine
1096 2589 1184 2634 pileo
1209 2589 1244 2621 in
1267 2587 1345 2621 aula
1367 2587 1597 2629 obambulant,

157 2629 284 2673 accipit
303 2629 400 2673 illud,
435 2635 600 2674 stansque
622 2638 691 2666 tam
712 2634 789 2678 ipse
812 2646 911 2678 quam
935 2635 1025 2668 filius
1047 2635 1140 2677 eius,
1172 2633 1200 2667 si
1224 2633 1332 2676 adsit,
1365 2644 1487 2677 magna
1511 2644 1597 2665 voce

158 2675 208 2708 ita
231 2676 323 2708 fatur
343 2671 486 2709 “sancta
508 2677 646 2711 trinitas
668 2690 731 2722 per
751 2680 928 2724 imperium
954 2682 996 2713 ab
1023 2680 1101 2724 ipsa
1124 2679 1222 2711 nobis
1244 2689 1444 2711 concessum
1466 2679 1597 2712 consti-

156 2719 223 2754 tuit
247 2724 283 2753 te
305 2720 599 2766 archiepiscopum
619 2723 782 2769 Cpoleos‚
809 2737 918 2759 novae
943 2727 1085 2766 Romae,
1110 2730 1145 2756 et
1167 2723 1420 2757 oecumenicum
1443 2724 1596 2769 patriar-

156 2763 289 2798 cham.”
313 2772 348 2798 et
371 2777 447 2798 mox
471 2767 623 2800 universi
647 2768 768 2802 multos
792 2783 898 2804 annos
923 2771 1094 2803 accinunt.
1122 2769 1246 2802 deinde
1264 2769 1459 2812 patriarcha
1475 2781 1595 2803 ascen-

155 2809 241 2844 dens
263 2812 299 2844 in
322 2811 546 2846 anabathram
570 2814 612 2847 ab
636 2813 853 2858 imperatoris
877 2827 976 2850 manu
999 2815 1120 2860 pedum
1144 2815 1283 2861 accipit,
1309 2816 1458 2860 dataque
1478 2815 1510 2849 ei
1535 2816 1597 2849 be—
