1864 3164
375 151 471 199 284
585 155 859 200 GRETSERI
879 157 951 199 ET
970 154 1149 201 GOARI
1165 156 1601 204 COMMENTARIUS

372 268 586 315 martyrum,
630 264 800 303 Demetrii
837 263 1003 316 Procopii
1023 267 1058 303 et
1081 267 1263 317 utramque
1289 263 1459 306 nevam-1·
1478 264 1695 318 (legendum
1713 267 1812 307 enim

369 319 408 356 in
429 319 560 372 plurali
578 316 815 372 Θεοδῶρων,
843 324 887 358 ut
911 320 1051 360 habent
1075 333 1152 359 mss
1178 319 1350 374 codices).
1404 321 1507 378 αἱίιιῤ
1533 323 1660 362 trabem
1682 322 1810 376 (ἕχον)

371 376 413 414 S.
434 378 622 427 Georgium
639 379 796 429 equitem.
853 377 958 416 aliud
976 377 1212 427 draconteum,
1234 382 1269 417 et
1286 377 1388 417 aliud
1403 378 1534 418 habene
1545 383 1730 431 equestrem
1742 382 1812 419 imp

227 435 255 468 P
279 436 346 472 220
366 435 537 480 perator-is
554 437 719 471 statuam.
775 433 871 471 hanc
896 445 980 472 osse
1003 445 1129 472 veram
1144 434 1484 487 interpretationem
1503 435 1622 484 quivis
1638 435 1697 475 vel
1716 449 1811 488 pau-

362 488 476 526 lulu‘m
495 493 657 526 mentem
683 489 878 528 advertens
905 489 1102 528 fatebitur:
1128 503 1218 529 nam
1236 490 1394 542 primum
1413 490 1643 543 Curopalata
1659 505 1810 531 enume-

363 557 445 583 rare
465 545 592 583 volens
614 557 795 595 quaenam
811 546 889 584 sint
914 546 978 585 illa
1002 546 1208 598 flammula,
1234 547 1288 586 ait
1310 551 1391 585 sunt
1414 551 1531 586 autem
1554 547 1656 586 hoeec:
1677 553 1810 600 postea

361 600 507 651 singula
530 605 734 653 percenset.
785 604 952 654 primum,
980 602 1119 654 inquit,
1145 606 1197 642 est
1214 603 1513 654 archi-strategus,
1541 615 1620 642 non
1637 603 1718 656 sert
1743 617 1810 644 ar-

363 657 607 708 cln'strategus.
663 670 785 708 neque
803 658 899 697 enim
918 659 1144 710 Curopalata
1159 659 1274 698 habet
1301 659 1404 697 istud
1426 658 1528 711 sert,
1558 659 1628 698 sed
1657 662 1809 712 pn'mum

361 718 411 751 eit
437 726 503 751 seu
531 715 664 752 dicitur
692 716 989 766 archistrategus,
1018 728 1042 754 a
1066 715 1113 754 D.
1142 714 1332 754 Michaelis
1360 716 1539 766 imagine,
1566 727 1664 766 quae
1689 715 1729 754 in
1744 716 1808 755 illo

360 769 546 808 flammulo
570 783 746 822 expressa
769 775 809 810 et
829 771 961 810 efficta.
1017 771 1102 810 hinc
1127 771 1367 823 archangelus
1385 773 1455 810 toti
1473 771 1661 811 flammulo
1673 784 1810 812 nomen
1862 789 1864 793 ⁴

360 827 485 876 dedit,
513 830 556 864 ut
574 828 756 866 diceretur
774 828 1061 878 archistrategos.
1113 841 1200 868 nam
1225 830 1264 867 S.
1292 827 1450 866 Michael
1468 828 1768 879 archistrategus
1783 842 1808 868 a

362 882 512 920 Graecis
544 883 754 935 appellatur
786 884 892 934 quasi
930 885 1100 936 princeps
1131 885 1299 923 coelestis
1335 884 1496 923 militiae.
1565 885 1621 924 ita.
1653 889 1808 924 vocatur

365 941 408 990 1)
427 939 474 976 ab
494 939 733 978 Emmanuele
753 941 975 992 imperatore
997 941 1161 980 constit.
1192 942 1240 979 de
1270 940 1407 979 Feriis:
1437 939 1635 993 feriamur,
1670 941 1806 992 inquit,

361 999 464 1034 sexta
492 995 725 1047 Septembris,
763 995 824 1037 ὅτι
855 996 899 1038 ἐν
936 993 1041 1054 αὐτῇ
1063 995 1106 1038 τὰ
1135 996 1179 1038 ἔν
1208 993 1370 1045 Χώναις
1395 998 1468 1037 τοῦ
1496 992 1811 1050 ἀρχιστρατήγου

363 1050 527 1103 Ῑήιχα)ἒλ
556 1055 698 1103 θαῦμα
722 1057 1044 1107 τερατουργεῖται.
1099 1052 1149 1105 2)
1180 1066 1204 1092 a
1239 1053 1414 1092 Cedreno
1445 1053 1486 1090 in
1506 1053 1662 1105 imperio
1680 1053 1806 1091 Basilii

357 1106 590 1146 Macedonis:
623 1105 847 1149 ἀνεκαίνισε
869 1107 913 1149 δὲ
937 1106 1008 1150 τὸν
1030 1107 1152 1161 μέγαν
1173 1112 1248 1149 τοῦ
1276 1104 1585 1162 ἇρχιστρατήγου
1611 1106 1714 1150 ναόν
1737 1107 1806 1151 τᾶν

358 1162 402 1203 ἐν
423 1165 653 1219 Σωσθενίῳ.
708 1164 757 1216 3).
775 1179 798 1204 a
817 1165 949 1204 Niceta
966 1166 1150 1204 Choniate
1172 1164 1196 1203 l.
1221 1166 1249 1207 3
1271 1166 1319 1204 de
1341 1165 1496 1217 imperio
1513 1165 1633 1203 Isaaci
1648 1164 1808 1216 Angeli:

353 1218 612 1260 ἐπισκευάσαι
638 1218 681 1260 δὲ
703 1221 921 1273 βουληθεὶς
942 1221 1010 1262 καὶ
1034 1219 1106 1262 τόν
1127 1221 1170 1262 ἐν
1188 1224 1246 1276 τῷ
1272 1216 1441 1276 ἀνάπλῳ
1462 1218 1564 1262 νεών
1593 1225 1667 1262 τοῦ
1693 1219 1806 1274 ἀρχι-

355 1271 574 1330 στρατήγου
603 1279 685 1316 τῶν
711 1274 799 1317 ἅνω
826 1274 975 1325 τάξεων
1004 1272 1184 1329 Μιχαήλ.
1240 1278 1321 1316 eod.
1346 1276 1408 1315 lib.
1443 1277 1500 1325 εἷς
1518 1274 1590 1318 τόν
1606 1276 1803 1332 περιώνυ-

353 1347 430 1382 μον
459 1329 562 1372 νεών
593 1327 900 1387 ἀρχιστρατήγου
926 1335 1006 1373 τῶν
1035 1334 1162 1373 θείων
1197 1332 1266 1373 καὶ
1298 1329 1437 1373 οἷΰλων
1471 1329 1650 1385 Μιχαήλ.
1702 1334 1803 1373 idem

349 1388 374 1425 1.
399 1390 425 1428 7
456 1389 502 1425 de
522 1388 675 1438 imperio
704 1389 897 1426 Manuelis.
952 1389 1112 1439 denique
1135 1389 1266 1427 eodem
1286 1389 1543 1438 archistrategi
1570 1389 1725 1428 nomine·
1743 1391 1801 1428 af-

350 1444 478 1482 ficiunt
497 1445 537 1482 S.
562 1444 778 1483 Michaelem
802 1445 934 1482 Graeci
967 1445 1030 1494 qui
1056 1445 1221 1483 encomia
1245 1445 1287 1483 in
1305 1457 1391 1482 eum
1414 1445 1642 1496 scripserunt
1662 1449 1702 1483 et
1731 1446 1800 1484 mi-

350 1500 474 1538 racula
499 1501 546 1539 ab
574 1513 618 1538 eo
641 1504 791 1550 patrata
817 1501 930 1538 literis
967 1502 1241 1551 consignarunt.
1297 1500 1431 1538 deinde
1457 1513 1540 1538 cum
1557 1501 1666 1552 signa
1684 1505 1800 1540 etve-

349 1556 454 1606 xilla,
493 1569 593 1607 quae
612 1557 842 1608 Curopalata
864 1561 1145 1607 commemorat,
1178 1557 1397 1607 imaginibus
1424 1556 1599 1595 coelitum
1622 1561 1801 1596 exornata

350 1613 505 1663 fuerint,
548 1613 697 1651 omnino
731 1617 881 1664 oportet
907 1617 949 1652 ut
972 1618 1011 1651 et
1038 1614 1196 1664 primum
1221 1613 1343 1664 effigie
1364 1612 1492 1663 aliqua
1517 1613 1630 1652 fuerit
1646 1614 1800 1664 insigni-

348 1673 446 1707 tum:
476 1673 516 1706 at
543 1669 615 1708 alia
642 1670 859 1719 insignitum
883 1682 959 1707 non
987 1671 1059 1708 fnit
1085 1682 1197 1720 quam
1221 1672 1294 1710 τοῦ
1322 1664 1630 1721 ἀρχιστρατήγου
1649 1670 1800 1708 militiae

347 1726 526 1763 coelestis.
583 1726 694 1764 tertio
722 1727 1010 1777 archistrategus
1033 1739 1108 1764 non
1135 1729 1217 1764 erat
1237 1725 1403 1764 officium-
1421 1724 1480 1763 vel
1516 1738 1652 1764 nomen
1690 1726 1799 1765 officii

348 1782 454 1819 aulici
480 1781 539 1819 vel
558 1782 743 1820 militaris:
773 1782 936 1831 alioquin
963 1783 1138 1820 omissum
1167 1794 1243 1820 non
1264 1782 1395 1819 fuisset
1421 1781 1492 1820 hoc
1513 1794 1647 1819 munus
1674 1796 1698 1820 a
1720 1782 1798 1820 Cu-

347 1838 517 1888 ropalata
536 1838 574 1875 in
602 1837 783 1888 catalogo,
842 1851 957 1887 quare
979 1851 1077 1877 vana
1102 1842 1161 1876 est
1191 1837 1254 1875 illa
1275 1838 1480 1876 Calviniani
1499 1841 1609 1876 nota:
1637 1832 1659 1879 ὃ
1685 1834 1799 1891 ἆρχι-

350 1890 584 1944 στράτηγος,
620 1898 732 1944 puta,
771 1896 927 1944 quisquis
950 1898 1001 1932 est
1025 1907 1088 1946 per
1115 1894 1206 1931 illud
1227 1898 1372 1944 tempus.
1427 1897 1468 1932 at
1492 1893 1615 1931 nullus
1643 1897 1703 1932 est
1737 1906 1796 1932 ar-

349 1951 599 2000 chistrategus
622 1951 723 2000 apud
746 1950 1014 2001 Curopalatam
1034 1950 1105 1988 nisi
1133 1949 1292 1988 Michael
1317 1948 1568 1999 archangelus.

437 2058 473 2092 p.
498 2047 542 2081 48
563 2057 597 2079 ν.
625 2048 656 2081 1.
707 2046 864 2080 coelestis
895 2047 1132 2091 terrestrisque
1163 2046 1300 2081 militiae
1331 2045 1399 2081 dux
1434 2045 1623 2090 ducumque
1651 2044 1794 2081 omnium

347 2092 501 2137 princeps
536 2091 701 2133 Michael,
733 2087 1017 2136 ἅρχισοροέτηγος
1045 2092 1119 2126 idco
1150 2103 1171 2125 a
1202 2092 1381 2132 militibus,
1414 2103 1436 2127 a
1466 2092 1567 2135 vulgo
1599 2090 1683 2136 (hoc
1705 2091 1795 2126 enim

346 2138 417 2171 solo
445 2136 575 2170 nomine
599 2136 791 2180 plebeculae
813 2144 912 2170 notus
936 2139 1001 2178 est)
1024 2134 1219 2182 ταξιάρχης
1242 2138 1430 2182 salutatns3
1462 2137 1557 2172 cuius
1582 2136 1714 2171 nomine
1735 2148 1795 2172 ec·

345 2183 478 2217 clesiam
501 2181 535 2216 in
558 2181 738 2215 Sosthenio
763 2186 862 2215 extra
884 2193 996 2216 muros
1018 2183 1204 2217 dedicatam
1231 2194 1253 2217 a
1283 2182 1527 2225 Constantino,
1561 2182 1656 2216 cuius
1684 2182 1794 2216 mnni-

343 2228 428 2262 mine
452 2227 600 2271 reginam
622 2228 737 2260 urbem
761 2225 804 2260 ab
829 2227 953 2260 insultu
977 2229 1194 2262 barbarorum
1218 2239 1283 2262 non
1306 2229 1407 2262 semel
1429 2232 1578 2273 ereptam
1601 2227 1709 2262 refert
1723 2227 1793 2268 Da-

342 2285 514 2307 mascenus
538 2272 691 2307 Studites
711 2271 931 2306 subdiaconus
956 2274 1090 2317 vulgari
1113 2285 1266 2308 sermone
1289 2273 1332 2308 de
1359 2274 1430 2308 eius
1448 2273 1636 2308 festivitate
1649 2272 1791 2318 scripto,

344 2331 441 2363 quem
475 2319 568 2353 velut
598 2316 710 2362 magni
742 2329 783 2352 ac
815 2318 1019 2352 celeberrimi
1052 2319 1090 2352 S.
1121 2319 1271 2364 Sophiae
1304 2319 1421 2364 templi
1442 2318 1614 2352 custodem
1637 2317 1790 2363 depinxit

344 2365 547 2399 lustinianus
569 2358 610 2398 ἐν
632 2360 806 2408 προνάῳ,
836 2359 926 2397 καθ’
951 2359 971 2397 ὃ
994 2360 1043 2407 δὴ
1067 2361 1087 2398 ὁ
1111 2362 1310 2408 πρώτιστος
1332 2364 1397 2399 καὶ
1417 2361 1584 2408 μέγιστος
1611 2362 1685 2398 τῶν
1717 2373 1790 2397 πα-

344 2409 620 2453 ραστατούντων
642 2405 871 2452 ἄρχαγγέλων
894 2409 975 2454 θεῷ
997 2411 1052 2443 Μι
1076 2407 1146 2454 αὴλ,
1167 2406 1392 2454 ἐσπασμένος
1415 2407 1603 2455 ῥομφαίαν
1634 2404 1789 2453 &curiam-

342 2467 403 2490 ται
425 2455 602 2499 ψηφίδων
623 2455 772 2493 λεπταῖς
790 2450 987 2498 ἕπνθέσεσι,
1018 2454 1137 2498 φυλαξ
1159 2451 1456 2502 προβεβλημένος
1483 2455 1552 2488 τοῦ
1582 2450 1703 2497 fenori,
1734 2452 1789 2487 in-

340 2502 413 2545 quit
435 2501 577 2535 Nicetes
599 2500 632 2534 in
654 2498 775 2534 Alexio
798 2499 838 2539 2;
861 2510 958 2544 quem
981 2510 1149 2535 sacrorum
1174 2501 1346 2546 praesides
1367 2501 1401 2535 in
1423 2499 1513 2535 sacri
1534 2498 1711 2533 tribunalis
1732 2498 1787 2532 fo-

343 2548 452 2588 ribus,
481 2558 546 2580 non
572 2545 742 2579 eiiciendis
767 2545 827 2579 sed
849 2545 1053 2579 advocandis
1076 2546 1188 2590 potius
1210 2546 1244 2580 in
1268 2546 1458 2591 paradisum
1490 2544 1693 2586 hominibus,
1725 2554 1788 2577 ex-

341 2593 528 2626 cubitorem
553 2602 618 2625 non
640 2590 781 2636 pingunt
803 2589 897 2623 modo
918 2590 979 2624 sed
1003 2596 1038 2623 et
1060 2599 1268 2626 venerantur
1290 2595 1436 2625 tremunt
1458 2593 1495 2624 et
1517 2593 1716 2635 precantur,
1747 2590 1787 2622 ut

341 2637 373 2670 in
398 2636 631 2681 Euchologicis
655 2635 903 2675 enarravimus;
924 2647 1020 2680 quem
1043 2636 1187 2681 denique
1208 2636 1337 2682 imperii
1361 2637 1572 2670 defensorem
1592 2633 1688 2668 simul
1710 2643 1785 2667 cum

343 2682 504 2716 Gabriele
526 2682 617 2716 socio
641 2680 706 2715 sibi
731 2681 843 2715 datum
865 2685 1043 2715 tenuerunt
1066 2683 1274 2716 Graecorum
1296 2681 1484 2727 principes,
1506 2679 1583 2720 ubi,
1606 2683 1709 2724 prout
1723 2689 1785 2712 au-

341 2733 415 2761 ctor
441 2732 555 2761 noster
577 2726 685 2761 innuit
711 2738 741 2760 c.
768 2727 808 2769 4,
833 2730 867 2760 et
889 2726 1114 2761 Damascenus
1137 2728 1257 2762 citatus
1279 2727 1480 2773 profitetur,
1503 2724 1677 2769 imaginem
1693 2735 1785 2758 suam

342 2773 418 2808 hinc
449 2772 527 2807 inde
556 2784 578 2808 a
612 2771 719 2809 sacris
749 2772 825 2808 istis
854 2771 984 2808 duobus
1015 2773 1196 2808 taxiarchis
1227 2772 1386 2819 stipatam
1420 2781 1615 2807 concessere
1647 2773 1785 2816 gestan-
