1864 3164
273 184 369 230 308
490 185 764 230 GRETSERI
783 185 855 227 ET
874 183 1049 227 GOARI
1066 183 1500 229 COMMENTARIUS

273 293 440 338 virgatum
463 292 739 339 variegatumque
756 302 840 338 opus
865 302 965 326 cereo
987 290 1023 333 iu
1054 290 1118 325 hac
1137 278 1333 326 'festivitate
1359 290 1594 332 succendendo
1623 291 1723 326 vetus

273 345 355 420 ptta
377 339 555 419 maiorffins
577 346 720 386 accepta
741 337 911 386 paroemia
931 341 1117 383 comparat.
1143 336 1187 372 de
1207 337 1266 372 illo
1290 337 1426 384 quoque
1446 347 1510 374 nos
1524 336 1599 374 loco
1622 347 1723 383 prae·-

290 396 310 420 ι
326 395 346 420 o
368 396 479 420 nonnu
525 410 536 422 .

880 532 1151 542 -u--u--m-—e

712 671 1147 723 CAPUT
1222 671 1305 723 IV.

393 841 430 880 p.
451 809 506 868 65
527 839 559 864 v.
583 826 645 866 11.
670 794 801 869 Vide
820 838 915 876 quae
935 827 983 865 de
1009 826 1191 865 dominica
1224 823 1452 866 adorationis
1482 823 1522 862 S.
1550 821 1667 861 crucis
1692 821 1731 859 in

280 891 404 931 media
422 890 706 940 quadragesima
721 889 932 942 scripsimus
956 894 983 928 t.
1007 894 1027 931 1
1049 891 1096 928 de
1115 890 1154 929 S.
1176 890 1295 927 Cruce
1319 889 1342 927 l.
1375 892 1396 930 1
1427 901 1458 927 c.
1487 889 1542 930 67
1574 891 1614 927 et
1635 891 1664 927 t.
1692 888 1730 928 2.

284 949 419 987 multas
442 948 557 986 habes
578 947 745 985 homilias
764 959 788 984 a
806 946 956 984 Graecis
974 947 1143 999 patribus
1161 946 1230 984 hac
1251 945 1434 986 dominica
1449 944 1580 984 dictas.

377 1024 422 1059 ib.
439 1035 473 1058 v.
494 1025 550 1059 12.
594 1022 755 1068 κυριακῇ
787 1022 892 1068 τρίτῃ
915 1022 990 1057 τῶν
1016 1022 1190 1067 νηστειῶν
1223 1017 1293 1066 τὴν
1324 1019 1571 1076 προσκύνησιν
1603 1013 1733 1064 ἑορτά-

285 1070 394 1114 ζομεν
416 1069 484 1104 τοῦ
504 1068 624 1114 τιμίου
650 1067 713 1103 καὶ
736 1067 920 1113 ζῳοποιοῦ
941 1068 1123 1111 σταυροῦ,
1144 1067 1195 1103 ait
1218 1067 1406 1103 Triodium.
1441 1071 1606 1103 rationem
1628 1076 1736 1111 quae-

285 1116 384 1150 sitam
407 1115 599 1160 subiungit,
625 1119 662 1149 ut
683 1125 766 1148 crux
789 1113 960 1158 nimirum,
985 1113 1150 1159 passionis
1173 1113 1300 1148 Christi
1321 1117 1589 1156 monumentum,
1614 1122 1675 1146 nos
1691 1109 1735 1145 ad

284 1172 360 1196 eam
382 1161 570 1195 ferventius
596 1159 802 1195 austeritatis
835 1164 983 1205 tempore
1004 1159 1209 1204 sequendam
1233 1158 1382 1202 excitet,
1403 1158 1606 1205 praeteritos
1627 1156 1736 1191 absti-

285 1206 420 1240 nentiae
440 1206 574 1240 labores
598 1206 774 1251 consopiat
824 1210 858 1239 et
881 1205 975 1239 velut
996 1204 1162 1250 paschalis
1184 1204 1359 1239 hilaritatis
1388 1205 1509 1252 pignus
1530 1215 1607 1240 sese
1627 1203 1736 1248 ipsam

285 1256 464 1298 proponat.
487 1252 601 1297 plures
625 1252 660 1285 in
682 1252 746 1285 hoc
765 1252 886 1285 festum
911 1251 1063 1285 homilias
1085 1250 1253 1295 scripsere
1277 1251 1561 1295 Chrysostomus.
1581 1248 1738 1294 Sophro-

289 1298 386 1337 nius,
407 1297 611 1331 Theodorus
634 1296 807 1338 studites,
831 1295 1043 1341 xiphilinus,
1065 1295 1263 1330 Philotheus
1283 1300 1320 1330 et
1343 1296 1412 1330 alii.
1434 1295 1656 1339 vulgatiorem
1678 1305 1738 1328 ce-

288 1342 459 1377 lebritatis
480 1342 583 1376 ritum
606 1342 657 1375 his
673 1341 788 1375 verbis
810 1341 978 1386 Typicum
1001 1342 1115 1375 Sabae
1137 1340 1331 1375 constituit:
1353 1342 1511 1389 κυριακῇ
1532 1341 1638 1387 τρίτῃ
1660 1339 1737 1374 τῶν

288 1385 405 1432 ἁγίων
427 1387 603 1431 νηστειῶν
623 1384 691 1430 τὴν
713 1384 957 1442 προσκύνησιν
980 1381 1200 1430 ἑορτάζομεν
1225 1387 1292 1421 τοῦ
1320 1386 1440 1430 τιμίου
1460 1385 1525 1420 καὶ
1553 1385 1740 1431 ζῳοποιοῦ

289 1433 466 1477 σταυροῦ.
489 1432 686 1477 ὃοξολογία
706 1429 855 1476 μεγάλη.
878 1442 969 1465 οταν
991 1428 1034 1466 δὲ
1055 1430 1244 1476 ψάλλομεν
1263 1428 1332 1476 τὴν
1345 1431 1583 1476 ὃοξολογίαν,
1604 1428 1737 1465 άλλάσ-

290 1490 346 1515 σει
368 1476 388 1513 ὁ
414 1474 532 1521 ἱερεὺς
552 1474 620 1522 τὴν
641 1474 775 1521 στολὴν
799 1474 936 1518 αὐτοῦ,
956 1476 1021 1511 καὶ
1042 1473 1164 1522 λαβὼν
1185 1474 1371 1521 θυμιατὸν
1392 1477 1514 1525 θυμιᾷ
1533 1473 1603 1522 τὴν
1625 1472 1738 1521 ἁγίαν

291 1521 478 1568 τράπεζαν
504 1523 568 1558 καὶ
598 1521 664 1558 τὸν
695 1520 868 1565 σταυρόν.
905 1519 980 1557 εἷθ’
1011 1518 1109 1557 οὕτω
1141 1519 1320 1567 λαμβάνει
1349 1519 1467 1558 αὐτὸν
1498 1518 1590 1567 μετὰ
1610 1522 1739 1557 δίσκου

292 1566 356 1605 ἐπὶ
378 1570 443 1613 τῆς
467 1569 630 1614 κεφαλῆς
651 1565 767 1603 αὐτοῦ
793 1564 859 1602 σὺν
880 1568 927 1624 τῇ
951 1565 1077 1614 θήκῃ,
1110 1566 1174 1602 καὶ
1195 1562 1374 1623 ἐξέρχεται
1395 1565 1437 1604 ἐκ
1458 1568 1525 1603 τοῦ
1547 1564 1742 1612 α’ριστεροῖ

294 1615 477 1662 βήματος,
510 1611 843 1659 προπορευομένων
875 1614 978 1660 αυτῷ
1003 1611 1207 1658 λαμπάδων
1239 1614 1309 1648 δυο
1339 1612 1402 1648 καὶ
1433 1613 1643 1659 θυμιατοῦ,
1675 1611 1742 1648 καὶ

292 1658 492 1705 άπέρχεται
514 1658 565 1700 εἰς
589 1656 776 1707 βασιλικάς
797 1658 925 1699 πύλας.
949 1658 1178 1703 τελεσθείσης
1198 1655 1241 1693 δὲ
1266 1659 1332 1704 τῆς
1357 1657 1570 1715 ὃοξολογίας
1592 1657 1657 1694 καὶ
1671 1657 1745 1694 vov‘

291 1705 503 1750 τρισαγίου,
536 1703 628 1751 λέγει
660 1702 681 1741 ὁ
717 1702 995 1749 ἴερεῦςσοφία,
1029 1701 1157 1749 ὀρθοί.
1195 1702 1259 1739 καὶ
1287 1702 1437 1750 λέγομεν
1465 1717 1509 1740 το
1539 1701 1744 1750 τροπάριον

291 1753 438 1786 *ίσῶσον
462 1748 564 1794 κύριε
587 1748 653 1785 τὸν
675 1748 766 1785 λαόν
788 1761 855 1785 σου
878 1750 942 1785 καὶ
963 1747 1160 1795 εὖλόγησον
1182 1746 1251 1807 τὴν
1273 1750 1522 1795 κληρονομίαν
1539 1751 1648 1785 σου.“
1677 1745 1743 1785 καὶ

292 1794 469 1833 εἰσοὸεύει
500 1793 520 1830 ὁ
557 1793 675 1840 ἱερεὺς
705 1794 830 1840 φέρων
858 1795 925 1830 τὸν
955 1792 1063 1840 ἅγιον
1092 1806 1254 1838 σταυρον
1288 1793 1495 1840 ἔμπροσθεν
1524 1797 1599 1832 τῶν
1628 1792 1744 1852 ἁγίων

291 1843 434 1886 θυρῶν.
461 1838 605 1877 κάκεῖσε
638 1839 1015 1886 προευτρεπισθέντος
1043 1839 1272 1886 τετράποδος
1303 1841 1447 1877 τίθεται
1478 1837 1603 1877 ἐπάνω
1628 1841 1746 1876 αυτοῦ

292 1885 315 1924 ὁ
338 1889 454 1933 τίμιος
475 1885 651 1932 σταυρός,
675 1886 739 1922 καὶ
764 1885 878 1927 εὐθὺς
907 1884 1101 1932 ἀρχόμεθα
1130 1885 1335 1930 ψάλλοντες
1360 1885 1453 1922 “τόν
1482 1884 1643 1932 σταυρόν
1675 1897 1744 1921 σου

292 1934 589 1979 προσκυνοῦμεν,
610 1931 812 1968 ὃέσποτα.“
843 1930 909 1968 καὶ
929 1930 1078 1975 ἀνοίξας
1106 1932 1174 1977 τὴν
1201 1931 1329 1977 θήκην
1357 1929 1508 1978 ἄρχεται
1529 1932 1745 1976 προσκυνῶν

294 1976 316 2013 ὁ
339 1976 524 2022 προεστώς
545 1978 608 2013 καὶ
633 1975 653 2013 ὁ
675 1976 814 2023 ἴερεύς,
845 1976 1039 2024 βάλλοντες
1067 1977 1265 2022 μετανοίας
1293 1980 1390 2022 τρεῖς
1419 1977 1648 2012 κατενώπιον
1675 1977 1746 2011 τοῦ

293 2025 416 2068 τιμίου
438 2025 613 2067 σταυροῦ.
646 2022 709 2057 καὶ
739 2020 831 2067 μετὰ
861 2019 904 2057 τό
937 2020 1178 2058 άσπάσασθαι
1198 2020 1310 2056 πάλιν
1343 2019 1516 2067 βάλλουσι
1545 2020 1745 2067 μετάνοιαν

294 2068 454 2151 ὁμόιὶοέωςἒ
481 2068 546 2104 καὶ
574 2067 628 2110 εἰς
657 2066 746 2109 τοὺς
782 2065 917 2114 χοροὺς
954 2064 1048 2113 πρὸς
1083 2067 1185 2113 μίαν.
1224 2063 1297 2102 εἷθ’
1336 2064 1454 2110 οὕτως
1487 2065 1666 2116 ἄρχονται
1706 2065 1747 2103 οἵ

289 2126 316 2151 α
345 2127 362 2150 ε
384 2126 434 2160 φο
454 2139 463 2149 .

387 2183 434 2217 ib.
457 2193 490 2217 v.
515 2180 571 2218 14.
609 2180 675 2226 τῆς
704 2179 771 2214 τοῦ
799 2178 981 2214 παλατίου
1013 2174 1218 2226 ἐκκλησίας]
1253 2192 1353 2226 quam
1386 2193 1431 2216 ex
1466 2182 1619 2229 pluribus
1646 2183 1681 2218 in
1703 2194 1746 2218 eo

296 2227 440 2264 conditis
462 2231 582 2261 auctor
605 2238 671 2260 non
692 2225 864 2269 assignat,
896 2225 1033 2271 primam
1056 2225 1218 2271 siquidem
1250 2226 1446 2263 Trullanam
1477 2229 1704 2275 Theophanes
1725 2240 1749 2263 a

296 2273 476 2309 Pulcheria
498 2272 672 2307 fundatam
692 2271 727 2305 in
750 2271 1015 2315 Protomartyris
1038 2270 1196 2307 honorem
1218 2273 1346 2316 refert,
1366 2275 1466 2309 aliam
1488 2275 1541 2320 τῷ
1554 2272 1746 2320 ἀρχιστρα-

296 2317 397 2365 τήγῳ
428 2318 584 2352 Michaeli
613 2318 647 2352 in
681 2317 797 2351 eodem
826 2316 969 2350 dicatam
996 2316 1147 2362 legimus.
1194 2318 1351 2354 Basiliam
1386 2321 1601 2367 Leonemque
1629 2325 1684 2354 tot
1713 2323 1749 2354 et
1797 2342 1803 2349 -

298 2370 365 2400 tam
387 2364 501 2399 varias
522 2363 643 2398 ibidem
665 2362 828 2398 struxisse
849 2362 1052 2408 dotasseque
1081 2370 1218 2411 narrat,
1250 2370 1290 2399 ut
1310 2365 1403 2400 urbis
1425 2366 1521 2402 unius
1540 2366 1648 2413 spatio
1672 2366 1748 2413 plu-

298 2422 353 2446 res
376 2410 452 2457 capi
473 2420 541 2445 non
559 2410 671 2444 solere
691 2418 876 2443 cernamus.

411 2482 457 2519 ib.
486 2493 519 2518 v.
555 2482 615 2522 16.
643 2477 867 2528 sticharium]
898 2477 1022 2516 Iunius
1051 2491 1177 2518 secure
1206 2482 1319 2520 vertit
1345 2482 1581 2535 manipulum,
1609 2485 1648 2520 et
1664 2481 1749 2532 plae-

299 2537 399 2574 lonen
423 2537 608 2586 penulam,
648 2540 687 2574 et
714 2535 969 2586 epitrachelium
1003 2536 1183 2575 collarium
1189 2552 1203 2584 ;
1242 2541 1394 2578 orarium
1425 2539 1559 2578 retinet
1588 2538 1750 2587 quidem,

300 2593 369 2630 sed
383 2592 533 2631 ridicule
550 2593 814 2644 interpretatur
828 2591 1002 2642 psalmum
1030 2596 1244 2642 oratorium,
1274 2592 1450 2636 εὐκτικὸν
1475 2594 1603 2646 μέλος.
1659 2605 1750 2644 ergo

300 2649 457 2686 ministri
477 2648 667 2699 ecclesiae,
697 2649 760 2698 qui
781 2648 938 2686 orarium
962 2648 1152 2700 ferebant,
1175 2651 1349 2700 psalmum
1367 2653 1555 2690 oratorium
1570 2649 1751 2687 ferebant.

302 2716 441 2753 quaeso
469 2706 607 2757 inspice
631 2705 826 2755 imaginem
855 2703 1006 2754 Georgii
1034 2704 1267 2756 Pachymeris
1290 2708 1393 2746 initio
1423 2707 1633 2757 Gregorae‚
1671 2719 1751 2744 ora-

301 2763 356 2799 rio
397 2764 653 2815 conspicuam3
693 2765 734 2802 et
768 2761 906 2814 dispice
948 2773 1037 2800 num
1074 2762 1123 2800 ibi
1152 2765 1326 2815 psalmum
1363 2765 1551 2804 oratorium
1580 2762 1752 2801 inventu-

300 2829 364 2855 rus
383 2830 445 2857 sis.
