1864 3164
235 199 332 249 244
451 201 728 246 GRETSERI
749 203 821 246 ET
843 201 1017 247 GOARI
1035 201 1475 246 COMMENTARIUS

229 318 318 352 tom.
351 312 380 353 8
407 311 455 351 de
480 313 520 352 S.
550 314 670 352 Cruce
699 326 730 352 c.
761 314 824 354 12.
857 308 1016 366 α’μηροῖς
1042 311 1213 364 princeps
1241 315 1322 363 est,
1349 311 1527 350 usitatum
1557 322 1693 350 nomen

229 369 332 421 apud
359 368 644 410 Mahometanos
674 369 836 419 Arabes,
865 374 907 408 ut
933 373 974 407 et
1008 364 1226 420 ἅμηραῖος,
1257 369 1424 419 quamvis
1454 372 1495 407 et
1522 368 1594 408 hoe
1621 368 1692 406 sub

231 437 355 464 amera
385 428 545 466 minores
577 428 689 465 duces
724 428 889 465 denotet.
945 425 1162 476 Sigebertus
1197 426 1237 464 in
1277 425 1484 464 Chronico:
1521 427 1560 464 in
1586 438 1694 474 regno

235 484 496 522 Saracenorum
520 487 687 534 quattuor
706 487 887 534 praetores
914 485 1064 533 statuit,
1093 485 1155 534 qui
1181 484 1332 522 amiraei
1354 482 1591 532 vocabantur,
1619 484 1694 533 ipse

231 553 311 578 vero
323 542 458 579 amiras
474 540 667 578 vocabatur
684 539 740 578 vel
749 539 1038 592 protosymbulus.

343 630 382 668 p.
399 616 453 659 24
472 629 506 655 v.
528 617 591 659 12.
622 616 788 658 ἐπὶτῶν
810 613 999 670 δεήσεων]
1033 617 1087 656 ita
1113 615 1263 655 omnino
1290 614 1507 667 legendum;
1536 617 1576 652 et
1602 613 1693 652 illud

231 672 297 716 ἐπὶ
313 676 396 714 ταῖν
414 669 615 715 §undosam
631 674 761 726 procul
784 675 1034 725 relegandum.

323 760 358 794 p.
374 748 419 784 25
434 759 469 783 v.
489 750 518 784 1.
541 745 765 794 χειρόρτιον]
791 749 909 784 Simon
931 747 1068 784 Portius
1102 747 1308 782 Chirotheca
1340 742 1504 791 χερόιιτι,
1533 743 1692 790 χερόρτι,

230 794 450 840 χειροθήκη.
475 789 652 839 ἔγχείριον
675 794 926 840 ὃιεσχισμένην
949 791 1002 834 εἰς
1026 791 1209 828 δάκτυλον
1231 793 1370 827 vocavit
1391 791 1533 826 Nicetas
1555 790 1591 825 in
1612 790 1694 826 Aie-

229 841 286 875 xio
307 841 481 875 Comneno
506 841 530 874 l.
554 842 594 876 32
619 838 644 896 ᾗ
672 837 706 874 δ’
732 839 827 886 αὐτὴ
851 839 916 875 καὶ
937 837 1055 883 δορὰν
1077 837 1332 883 χρυσόπαστον
1356 835 1395 883 ἐγ
1417 837 1531 879 εἰριον
1547 833 1695 882 ἔχουσα,

228 882 483 931 διεσχισμένην
518 883 554 925 ἐς
587 886 795 930 danuvi-ov,
817 898 884 921 κον
911 886 1017 920 τίναν
1040 881 1134 930 εἶχεν
1159 882 1321 929 ὄρνιθα,
1343 850 1415 918 aa&
1430 879 1580 926 ἐξιοῦσα
1601 879 1696 923 πρὸς

229 929 359 975 θήραν
383 927 561 972 ἔπε’κλωζέ
585 943 624 966 τε
647 930 711 966 καὶ
740 898 941 972 ἐπεθώϋῖε.
989 931 1138 975 vulgaris
1171 934 1285 964 textus
1318 930 1440 964 habet:
1472 924 1496 973 ἡ
1531 924 1567 962 δ’
1599 924 1694 972 αὐτὴ

229 974 272 1011 τὸ
300 974 506 1022 χειρόρτιον
529 975 785 1022 χρυσόπαστον
808 974 963 1023 ἔχουσα,
996 973 1244 1030 ὃιεσχισμένην
1267 973 1319 1015 εἰς
1342 971 1551 1017 δάκτυλον,
1580 985 1693 1018 πονη-

228 1022 336 1057 τι’ναν
359 1019 455 1068 εἶχεν
479 1019 630 1066 ὄρνιθα.
679 1024 791 1069 carpit
822 1023 872 1057 his
905 1022 1019 1056 verbis
1042 1022 1185 1056 Nicetas
1206 1021 1364 1056 indecens
1387 1019 1612 1066 imperatricis
1633 1020 1695 1054 fa-

229 1072 342 1103 ctumt
375 1070 538 1114 probrum
562 1073 671 1103 tamen
695 1080 763 1114 quo
786 1080 883 1111 eam,
912 1068 1005 1103 velut
1031 1078 1113 1102 aves
1147 1067 1242 1113 ipsa,
1275 1067 1420 1112 populus
1450 1065 1694 1108 insectabatur,

229 1125 296 1148 non
320 1113 472 1149 advertit
493 1115 662 1159 interpres
685 1115 844 1149 Nicetae.
891 1113 999 1147 locum
1022 1124 1065 1147 ne
1089 1113 1263 1158 ignoretur
1285 1111 1441 1147 adducoa
1466 1111 1608 1145 relatum
1631 1121 1694 1144 an-

228 1160 357 1194 tecedit
380 1161 542 1205 proxime.
590 1158 682 1194 ἕνιοι
704 1157 746 1194 δὲ
771 1161 845 1194 τῶν
872 1156 1059 1204 ἀγοραίων
1087 1157 1152 1193 καὶ
1181 1155 1228 1193 τὰ
1257 1153 1396 1203 μιμηλὰ
1426 1157 1500 1191 τῶν
1530 1156 1694 1201 πτηνῶν,

227 1204 294 1239 καὶ
316 1201 386 1239 ὅσα
407 1204 431 1254 ἡ
456 1203 564 1250 φύσις
583 1199 762 1250 ἕστόμωσε
785 1202 878 1248 πρὸς
909 1204 1183 1249 μουσουργίαν,
1214 1199 1274 1238 ἀεὶ
1304 1203 1393 1248 μίαν
1422 1198 1696 1248 ὑποβάλλοντες

228 1249 416 1295 μάθησιν,
447 1249 512 1285 καὶ
544 1248 684 1294 ταύτην
715 1249 972 1294 κοινόλεκτον,
1006 1247 1114 1298 ᾄδειν
1146 1246 1208 1286 ἐπὶ
1232 1248 1426 1283 στενωπῶν
1447 1249 1513 1282 καὶ
1534 1244 1694 1291 τριόδων

224 1293 423 1340 “aestimavi
445 1292 488 1330 τὸ
513 1293 680 1330 δίκαιον”
712 1293 983 1338 ἐξεπαίδευσαν.
1029 1296 1233 1330 edocuerunt
1256 1300 1295 1329 ut
1318 1299 1497 1338 canerent,
1530 1295 1694 1328 meretrix

227 1343 402 1386 pretium.-
426 1342 678 1386 subintelliges,
715 1342 814 1386 exige
834 1341 1008 1387 prostituti
1033 1341 1196 1387 corporis.
1241 1340 1345 1374 vertit
1367 1340 1536 1384 interpres
1558 1339 1692 1383 inepte:

227 1387 375 1431 politica
408 1387 602 1431 iustitiam,
630 1385 823 1431 πολιτικήν
853 1387 1015 1432 siquidem
1048 1391 1171 1420 vocant
1202 1385 1354 1420 hodierni
1385 1386 1595 1419 meretricem
1630 1395 1694 1418 ceu

229 1439 303 1468 tota
334 1433 420 1466 urbe
450 1433 583 1478 publice
615 1433 803 1478 expositam
833 1442 874 1466 ac
904 1433 966 1466 toti
1001 1432 1116 1466 curiae
1147 1433 1190 1465 ob
1212 1431 1364 1476 corporis
1385 1430 1606 1477 prostibulum
1629 1441 1694 1463 no-

228 1485 320 1519 tam,
345 1478 439 1512 Galli
464 1480 696 1512 courtisanne.
744 1478 891 1512 δίκαιον
916 1478 952 1512 id
976 1482 1030 1512 est
1053 1477 1147 1524 quod
1170 1482 1291 1512 auctor
1314 1487 1382 1511 non
1403 1486 1470 1510 uno
1493 1475 1570 1510 loeo
1589 1477 1695 1510 vocat

226 1522 431 1568 δικαίωμα,
451 1525 602 1570 pretium
625 1525 701 1558 iure
724 1524 948 1559 reddendum.

338 1595 387 1633 ib.
407 1606 442 1632 v.
464 1596 500 1636 8.
537 1606 607 1645 pro
633 1594 793 1645 χαρτίον
843 1593 1043 1644 legendum
1080 1592 1227 1631 videtur
1258 1587 1448 1644 χᾶσδιον,
1491 1601 1590 1642 quae
1625 1602 1698 1629 vox

226 1653 367 1688 vestem
387 1662 432 1687 ex
450 1650 535 1701 pilis
562 1650 619 1688 vel
651 1650 744 1688 villis
770 1651 976 1688 confectam
1005 1651 1173 1687 denotat.
1202 1653 1261 1687 est
1288 1653 1328 1687 et
1355 1647 1556 1700 χασείὅιον
1591 1647 1697 1699 apud

229 1706 445 1745 Achmetem
474 1706 721 1758 Oniropolam
748 1719 779 1745 c.
819 1706 926 1756 220,
955 1706 1017 1744 ubi
1051 1706 1214 1744 invenies
1251 1706 1431 1757 χασείδια
1461 1699 1530 1745 ἀπ’
1566 1701 1699 1754 ἐρίων.

225 1764 264 1800 ἰιι
284 1763 441 1813 Synodo
459 1761 694 1801 Florentina:
725 1763 864 1801 sedebat
882 1765 920 1801 in
938 1775 1024 1814 equo
1041 1763 1295 1814 pulcherrimo,
1321 1763 1444 1811 nigro,
1468 1758 1538 1801 καὶ
1559 1757 1696 1812 εὐτρε-

228 1818 425 1871 πισμένου
464 1816 546 1871 μετ’
576 1818 760 1870 ἐρυθροῦ
790 1817 857 1859 καὶ
893 1816 1201 1871 χρυσοῦφοῖντου
1230 1817 1418 1869 χασδίου,
1455 1819 1520 1868 qui
1551 1819 1696 1855 ornatus

228 1880 307 1914 erat
324 1877 430 1913 rubro
449 1879 483 1914 et
508 1877 625 1913 aureis
645 1875 731 1926 filis
752 1874 883 1926 infecto
901 1879 1119 1925 tegumento;
1146 1878 1188 1912 ut
1208 1874 1365 1926 proinde
1390 1873 1493 1911 locus
1518 1872 1590 1910 iste
1619 1872 1697 1909 Co-

225 1932 305 1969 dini
324 1932 378 1968 ita
395 1932 610 1969 reddendus
629 1932 815 1969 videatur:
842 1934 1063 1970 scaram'cum
1077 1933 1153 1969 eius
1177 1931 1340 1970 indutum
1357 1942 1418 1968 seu
1439 1928 1625 1979 suffultum
1643 1931 1695 1966 est

225 2001 345 2038 panno
362 2000 406 2025 ex
419 1987 506 2038 pilis
521 2000 581 2024 seu
603 1988 689 2024 lana
702 1988 871 2038 confecto.

317 2060 474 2106 χασὸίον
511 2061 670 2096 villosum
703 2063 858 2096 sericum.
916 2071 1032 2095 vocem
1072 2060 1182 2094 refert
1215 2058 1347 2093 concilii
1385 2058 1576 2094 Florentini
1616 2062 1696 2095 tex-

226 2111 284 2143 tus
319 2108 495 2146 Graecus,
530 2117 647 2141 verum
679 2107 723 2140 ab
751 2107 942 2151 interprete
972 2105 1142 2139 omissam:
1173 2101 1193 2139 ὃ
1218 2101 1285 2148 μὲν
1308 2102 1474 2150 βασιλεὺς
1497 2100 1696 2147 ἐκαθέζετο

227 2149 284 2197 ἐφ’
310 2151 428 2187 ἵππου
453 2148 685 2195 ὦραιοτάτου
707 2148 865 2196 μέλανος
900 2150 964 2186 καὶ
995 2148 1277 2195 εὐτρεπισμένου
1306 2147 1397 2195 μετὰ
1428 2147 1597 2195 ἐρυθροῦ
1629 2149 1695 2186 καὶ

224 2195 511 2244 χρυσοῦφοὶντου
546 2196 710 2242 χασδίου.
767 2198 941 2231 insidebat
971 2197 1165 2241 imperator
1195 2208 1278 2241 equo
1311 2197 1541 2241 pulcherrimo
1574 2198 1693 2242 nigro,

226 2245 287 2290 qui
311 2255 483 2289 purpureo
505 2248 538 2277 et
562 2254 648 2277 auro
673 2246 762 2278 texto
792 2243 946 2287 bombyce
974 2242 1194 2277 heteromallo
1227 2247 1419 2276 constratus
1451 2247 1542 2278 erat.
1587 2243 1697 2277 inter-

227 2301 325 2335 pres:
359 2289 421 2334 qui
452 2300 624 2334 purpureo
656 2300 824 2333 aureoque
854 2289 1038 2323 intertexto
1070 2292 1262 2322 constratus
1286 2293 1362 2322 erat
1387 2292 1597 2334 tegumento.
1642 2288 1696 2322 ni-

227 2336 296 2369 hilo
329 2334 448 2370 melius
479 2334 536 2378 qui
569 2333 682 2380 posuit
712 2339 856 2368 ornatus
889 2339 965 2367 erat
997 2333 1100 2368 rubro
1136 2338 1168 2368 et
1199 2334 1313 2368 aureis
1342 2335 1420 2378 filis
1443 2335 1572 2378 infecto
1594 2337 1694 2377 tegu-

227 2384 353 2415 mento.
401 2380 547 2426 pessime
578 2380 722 2414 omnium
759 2379 814 2424 qui
845 2376 997 2423 χοὶσὸιον
1026 2391 1181 2424 pannum
1212 2391 1252 2415 ex
1273 2380 1358 2425 pilis
1382 2391 1441 2415 seu
1463 2381 1551 2414 lana
1574 2382 1694 2424 eonse-

229 2431 320 2463 ctum
345 2430 465 2472 putat,
487 2430 524 2460 et
545 2420 788 2484 ἕνδειξυμένον
809 2427 988 2470 suffultum
1012 2424 1129 2459 vertit.

323 2500 371 2535 ib.
394 2511 431 2537 v.
459 2500 512 2534 10.
537 2499 696 2543 χρυσοῦν
717 2491 744 2542 ἢ
766 2493 953 2542 ἀργυροῦν
976 2495 1152 2532 undam
1168 2495 1400 2542 ζωγραφικόν
1418 2509 1544 2532 aurum
1559 2497 1615 2532 vel
1631 2508 1694 2532 ar-

230 2550 375 2591 gentum
393 2545 585 2590 foliatum,
604 2545 782 2579 subtilibus
805 2544 957 2578 nimirum
982 2545 1162 2579 bracceolis
1185 2545 1281 2589 operi
1297 2545 1443 2590 pictoria
1467 2548 1661 2580 tenuatum.

342 2620 393 2658 ib.
411 2631 445 2657 v.
470 2621 532 2662 15.
569 2617 796 2671 φωσσοῖτον]
827 2619 997 2657 scribitur
1024 2620 1133 2657 etiam
1165 2620 1391 2670 φοσσάτον,
1420 2632 1444 2658 a
1470 2620 1583 2657 fossa.
1606 2631 1694 2668 pro-

231 2675 312 2727 prie
329 2676 512 2726 significat
531 2681 653 2715 castra
672 2676 779 2714 fossis
806 2676 968 2725 munita,
996 2677 1085 2714 item
1114 2677 1311 2715 exercitum
1338 2677 1470 2726 ipsum.
1518 2674 1694 2713 Moscho-

232 2732 362 2782 pulus:
403 2730 607 2782 φοσσάτον
638 2732 662 2772 ό
690 2728 858 2785 στρατός.
901 2732 986 2771 hine
1016 2731 1277 2783 φοσσατεύειν
1315 2733 1393 2769 sive
1426 2727 1693 2780 φουσατεύειν

229 2792 419 2827 exercitum
439 2788 583 2836 ducere,
612 2792 651 2826 et
676 2791 925 2838 φοσσατικῶς
944 2791 1060 2827 instar
1082 2792 1268 2829 exercitus.
1296 2789 1383 2826 inde
1402 2788 1514 2826 etiam
1534 2787 1696 2826 transla-

228 2846 308 2884 tum
334 2848 415 2895 est,
451 2846 669 2896 praesertim
706 2859 729 2884 a
764 2843 932 2897 Latinis,
968 2847 1019 2885 ad
1056 2846 1178 2885 fossas
1209 2856 1450 2896 quascunque
1480 2844 1694 2884 munitionis
