1832 3178
250 197 314 243 76
665 199 860 245 comm
895 188 1292 244 cunoPALATAE
1342 227 1347 238 2

247 313 320 366 μὲν
348 309 510 369 πρώτην
538 310 691 369 ἡμέραν
720 309 1008 370 προσκυνήσειν
1035 314 1196 368 μέλλει,
1231 314 1422 370 γονατίζει
1443 312 1568 370 μόνον
1591 309 1707 367 οὗτός

248 398 291 423 τε
311 382 378 422 καὶ
399 381 435 422 οἳ
454 380 545 435 μετ’
570 382 694 424 αὐτοῦ
706 413 718 432 ,
755 380 972 434 ἀσπάζεται
991 383 1036 425 δὲ
1057 382 1126 425 τὸν
1147 386 1218 425 τοῦ
1234 384 1433 436 βασιλέως
1454 383 1560 427 πόδα
1579 385 1706 427 οὖδα-

249 453 356 502 μιῦς·
394 453 449 499 εἷς
477 449 521 491 τὸ
550 448 640 504 ἑξῆς
661 450 704 491 δὲ
724 447 820 491 ὅταν
840 449 1044 504 ἴρχονται,
1075 451 1129 494 τὰ
1156 452 1230 504 μὲν
1252 449 1470 503 καποῦτζια
1485 451 1610 506 μόνον
1631 453 1707 496 αὖ·

197 525 227 560 Β
250 522 330 559 τῶν
349 516 624 570 ἐκβάλλουσιν,
656 518 702 558 οὗ
721 519 967 572 γονατίζουσι
992 519 1048 561 δέ.
1096 524 1163 580 καὶ
1186 520 1290 561 κατὰ
1309 523 1451 562 τοῦτον
1469 520 1540 562 τὸν
1558 518 1708 578 τρόπον

250 584 341 627 οὔτε
369 588 424 635 εἷς
457 586 502 627 τὸ
534 584 836 642 πολυχρόνισμα
877 592 1242 644 προσκαρτεροῦσιν
1276 581 1386 630 οὗτοι
1422 586 1515 631 οὕτε
1549 591 1606 640 εἰς
1637 589 1740 631 τόν5

252 652 468 706 ἀσπασμὸν
486 652 682 708 ἔρχονται,
713 652 767 704 ὡς
789 653 1022 709 δεδήλωται.
1052 655 1156 698 ἀλλὰ
1178 656 1272 698 οὐδὲ
1291 655 1342 698 τὰ
1359 654 1510 700 τούτων
1532 655 1709 715 κάτεργα

253 722 528 778 εὖφημίζουσι.
595 724 660 764 καὶ
683 721 734 764 τὰ
753 723 825 776 μὲν
846 725 934 778 περὶ
955 728 1036 766 τῶν
1060 727 1260 781 Φραγγῶν
1283 722 1402 767 οὕτω.

389 793 475 843 Τῆς
498 791 747 846 λειτουργίας
769 792 813 833 δὲ
831 791 976 847 ἠρέμα,
1013 791 1067 842 ὡς
1087 792 1239 846 εἷ’ρηται
1251 824 1264 843 ,
1298 791 1571 847 ψαλλομένης,
1606 790 1707 835 ὥστε

250 857 308 910 μὴ
329 856 594 907 ἐξακούεσθαι
617 858 766 914 ταύτην
785 859 887 901 ἔνθα
910 858 930 901 ὅ
949 860 1141 913 βασιλεὺς
1164 859 1364 915 κάθηται,
1398 860 1502 914 μετὰ
1528 861 1574 903 τὸ
1598 864 1709 903 τελε-

249 929 399 980 σθῆναι
419 926 488 967 τὸν
510 927 724 981 ἀσπασμὸν
743 928 972 970 ἀνίσταται·
1007 930 1074 970 καὶ
1094 929 1237 971 αὐτίκα
1258 929 1459 984 ἀνοίγουσι
1479 929 1531 971 τὰ
1549 933 1622 984 τῆς
1642 930 1708 971 ἕκ-
1723 937 1767 973 10

250 996 417 1048 κλησίας
446 992 595 1051 θύρας.
662 997 728 1037 καὶ
750 995 853 1049 μετὰ
873 997 942 1038 τὸν
967 995 1172 1052 τρισάγιον
1201 996 1327 1050 ὕμνον
1353 995 1661 1051 ἀναγινώσκεται
1687 995 1708 1039 ὅ

197 1073 228 1107 C
252 1061 476 1112 ἀπόστολος
485 1094 498 1113 ,
532 1065 598 1105 καὶ
622 1066 799 1118 καθεξῆς
826 1065 1036 1106 ἐκτελεῖται
1068 1063 1094 1119 ἦ
1128 1066 1224 1107 θεία
1245 1067 1493 1121 λειτουργία,
1539 1059 1588 1120 ἧς
1608 1064 1711 1119 μετὰ

249 1131 322 1185 τὴν
339 1129 534 1173 ἀπόλυσιν
553 1130 573 1173 ὃ
592 1131 784 1185 βασιλεὺς
805 1132 1017 1188 ἀπέρχεται
1042 1135 1096 1183 εἷς
1117 1133 1189 1187 τὴν
1211 1131 1422 1189 τράπεζαν,
1457 1134 1498 1175 ἓν
1514 1127 1541 1190 ᾖ
1557 1132 1708 1190 ὑπηρε-

246 1205 311 1241 τεῖ
327 1197 348 1240 ὅ
371 1216 411 1240 τε
431 1199 555 1254 μέγας
579 1199 812 1253 ὁόμὲστικος
832 1202 899 1242 καὶ
923 1199 943 1242 ὅ
964 1202 1198 1255 ὁόμέστικος
1224 1203 1292 1243 καὶ
1323 1199 1344 1243 ὃ
1370 1202 1433 1242 ἐπὶ
1461 1205 1536 1256 τῆς
1559 1201 1709 1258 τραπέ-

249 1269 338 1321 ζης,
374 1267 487 1308 καθὰ
509 1266 780 1323 προεδηλώθή
812 1269 852 1310 ἔν
878 1274 927 1325 τῇ
960 1274 1039 1311 τῶν
1058 1272 1388 1325 Χριστρυγεννῶν
1418 1267 1538 1327 ἑορτῇ
1564 1271 1630 1312 καὶ
1658 1274 1708 1327 τῇ
1723 1279 1765 1314 15

1820 1795 1832 1838 ἓ

1819 1839 1832 1885 5³2

1818 1893 1832 1946 ἓ

1817 1948 1832 2018 ἐ

1816 2189 1832 2267 ξε

247 1341 328 1377 τῶν
347 1333 506 1392 φώτων.
542 1336 646 1378 κατὰ
670 1337 712 1378 δὲ
732 1337 803 1390 τὴν
827 1335 1034 1392 ἕσπερινὴν
1055 1337 1165 1392 ὥραν
1185 1338 1398 1393 ἀπέρχεται
1423 1340 1479 1388 εἷς
1498 1339 1570 1392 τὴν
1593 1336 1709 1394 ἇγιάν

247 1405 405 1459 Σοφίαν
431 1401 452 1444 ὅ
481 1402 698 1457 βασιλεύς,
744 1406 811 1445 καὶ
835 1409 912 1447 τῶν
935 1404 1150 1462 ἕσπερινῶν
1171 1405 1308 1459 ὕμνων
1331 1404 1489 1448 ἀκούων
1508 1410 1709 1460 θυμιᾶται
1754 1440 1757 1441 ⁷

247 1471 359 1527 παρὰ
377 1476 449 1514 τοῦ
466 1471 715 1528 πατριάρχου
734 1466 851 1522 οὗτός
871 1491 911 1515 τε
932 1476 998 1515 καὶ
1020 1472 1163 1524 πάντες
1183 1474 1220 1515 οἱ
1242 1473 1445 1529 ἄρχοντες.
1511 1476 1577 1517 καὶ
1605 1476 1709 1530 γίνε-

246 1557 313 1582 ται
331 1544 450 1582 τοῦτο
469 1538 573 1582 οὕτω
594 1541 711 1596 μέχρι
733 1542 799 1582 καὶ
820 1546 900 1583 τῶν
919 1540 1112 1596 ἐσχάτων,
1146 1541 1234 1584 τότε
1254 1544 1320 1584 καὶ
1337 1540 1473 1595 μόνον.

379 1602 461 1649 ³Hv
488 1609 562 1661 μὲν
591 1603 661 1650 οὖν
691 1607 818 1650 πάλαι
840 1608 1036 1664 συνήθεια
1066 1610 1170 1651 κατὰ
1199 1611 1268 1652 τὸν
1296 1613 1477 1652 τοιοῦτον
1506 1608 1767 1665 ἕσπερινὸνεο

198 1686 230 1721 D
256 1677 510 1734 εἶσὲρχεσθαι
531 1676 600 1719 τὸν
625 1677 798 1730 βασιλέα
821 1679 876 1728 εἷς
897 1677 943 1721 τὸ
965 1677 1078 1734 ἅγιον
1098 1683 1215 1733 βῆμα
1239 1680 1306 1721 καὶ
1328 1682 1483 1732 θυμιᾶν
1502 1678 1574 1734 τὴν
1595 1677 1711 1734 ἁγίαν

340 1817 363 1850 6
387 1813 437 1855 οἷς
460 1816 661 1861 δεδήλωται
687 1829 740 1851 om
764 1817 794 1851 A
885 1821 965 1864 post
989 1815 1148 1860 κάτεργοε
1168 1818 1195 1850 Ρ
1219 1813 1297 1860 ἤως
1319 1814 1480 1862 τριήρεις
1573 1812 1655 1852 143
1672 1827 1710 1851 τε

339 1860 552 1906 δομὲστικος
577 1860 598 1898 ὁ
621 1861 733 1908 μέγας
756 1863 784 1898 Α
922 1862 986 1898 καὶ
1011 1860 1030 1898 ὁ
1058 1862 1271 1906 ὃομέστικος
1295 1875 1349 1897 om
1372 1863 1402 1898 B

246 1988 382 2019 taturus
407 1989 443 2019 et
464 1989 692 2020 veneraturus
716 1990 782 2029 est,
815 1996 930 2029 genua
952 1984 1029 2030 ipse
1054 1989 1090 2019 et
1112 1984 1198 2018 socii
1222 1984 1433 2019 solummodo
1457 1984 1622 2027 flectunt,
1647 1995 1711 2028 pe-

246 2031 324 2064 dem
356 2042 441 2065 vero
473 2043 689 2076 nequaquam
714 2031 926 2066 osculantur.
973 2030 1099 2064 ceteris
1125 2031 1268 2074 diebus,
1302 2030 1449 2075 quando·
1476 2031 1520 2064 ad
1546 2029 1712 2075 palatium

244 2076 403 2119 veniunt,
428 2080 590 2122 capputia
615 2089 678 2111 sua
700 2083 831 2111 tantum
856 2077 1043 2121 deponunt,
1070 2087 1137 2108 non
1161 2077 1308 2110 flectunt
1329 2087 1414 2109 vero
1436 2087 1562 2120 genna.
1589 2075 1710 2109 eodem

244 2123 346 2156 modo
381 2134 496 2166 neque
529 2124 572 2156 ad
604 2124 751 2156 faustam
786 2122 968 2156 multorum
1003 2133 1168 2155 annorum
1203 2121 1483 2166 apprecationem
1507 2126 1711 2168 permanent

243 2175 358 2212 neque
383 2168 428 2202 ad
450 2168 602 2202 osculum
636 2168 797 2212 veniunt,
832 2173 870 2201 ut
904 2173 1006 2200 antea
1039 2167 1181 2202 dictum.
1231 2178 1344 2211 neque
1368 2166 1513 2202 istorum
1537 2166 1711 2210 triremes,

244 2214 382 2257 quando
406 2220 567 2248 recenter
584 2213 774 2258 appellunt,
799 2213 1041 2257 imperatorem
1065 2214 1155 2246 bene
1176 2212 1337 2246 ominatis
1358 2213 1476 2247 verbis
1491 2223 1709 2258 prosequun—

245 2264 316 2293 tur.
365 2264 400 2294 et
425 2260 562 2304 quidem
587 2271 676 2304 quae
700 2261 743 2294 ad
769 2260 924 2293 Francos
947 2263 1119 2303 spectant,
1143 2258 1193 2292 ita
1218 2270 1257 2292 se
1281 2258 1422 2293 habent.

334 2327 496 2372 Liturgia
517 2339 602 2360 vero
626 2326 810 2370 submisse,
838 2332 876 2360 ut
899 2325 1027 2359 dictum
1051 2330 1125 2369 est,
1152 2326 1332 2370 psallitur,
1357 2325 1408 2360 ita
1431 2330 1470 2360 ut
1493 2336 1563 2359 non
1586 2324 1708 2359 andia-

243 2378 303 2407 1ur
325 2373 386 2407 ubi
418 2373 608 2418 imperator
630 2374 742 2406 sedet.
791 2372 851 2416 qui
882 2371 981 2405 finito
1014 2372 1132 2405 osculo
1165 2373 1295 2416 surgit,
1330 2372 1516 2415 statimque
1548 2370 1711 2416 aperiunt

244 2419 414 2453 ecclesiae
436 2419 577 2452 ianuas:
604 2424 675 2453 tum
700 2419 826 2461 hymno
853 2417 998 2460 trisagio
1024 2417 1118 2451 dicto
1145 2416 1271 2461 legitur
1297 2417 1497 2462 apostolus,
1531 2422 1636 2461 atque
1659 2416 1710 2449 ita

242 2465 426 2510 perficitur
455 2464 609 2509 liturgia.
657 2470 736 2508 post
767 2463 866 2497 cuius
898 2463 998 2496 finem
1037 2462 1111 2496 abit
1143 2462 1335 2506 imperator
1367 2463 1410 2496 ad
1445 2473 1615 2504 mensam,
1654 2461 1710 2495 cui

244 2511 442 2544 ministrant
462 2521 605 2554 magnus
628 2510 856 2552 domesticus,
888 2507 1095 2542 domesticus
1130 2514 1166 2542 et
1191 2510 1388 2554 praefectus
1414 2519 1573 2550 mensae,
1606 2512 1711 2551 prout

244 2558 281 2590 in
305 2557 396 2590 festo
420 2556 618 2590 nativitatis
644 2554 778 2589 Christi
802 2559 838 2588 et
861 2554 1022 2588 luminum
1049 2554 1319 2588 demonstratum
1344 2559 1410 2590 est.
1459 2553 1553 2586 circa
1583 2564 1710 2597 vespe—

244 2614 319 2636 ram
344 2602 417 2636 abit
439 2604 628 2648 imperator
650 2602 693 2635 ad
717 2606 870 2635 sanctam
892 2599 1070 2643 Sophiam,
1094 2600 1307 2644 audiensque
1325 2598 1545 2643 vespertinos
1563 2598 1709 2641 hymnos

245 2648 445 2681 incensatur
479 2659 541 2682 seu
574 2647 662 2681 turis
697 2646 817 2681 suffitu
854 2646 1045 2679 honoratur
1077 2657 1098 2678 a
1135 2645 1354 2691 patriarcha,
1393 2654 1579 2686 omnesque
1612 2642 1710 2676 simul

247 2693 350 2727 aulici
373 2704 557 2738 proceres,
594 2692 695 2728 etiam
719 2693 763 2727 ad
795 2690 947 2726 ultimum
980 2701 1101 2735 usque.
1152 2696 1186 2725 et
1211 2692 1252 2725 fit
1283 2691 1349 2724 hoc
1372 2693 1455 2727 tuuc
1476 2689 1608 2733 solum,
1642 2699 1710 2722 non

245 2738 316 2774 alia
340 2738 432 2772 vice.

337 2807 428 2841 Erat
451 2806 530 2840 olim
556 2805 662 2840 moris
692 2808 731 2840 ut
764 2803 800 2838 in
823 2803 878 2839 his
905 2803 1065 2849 vesperis
1090 2803 1279 2848 imperator
1301 2802 1546 2846 ingrederetur
1568 2800 1604 2834 in
1629 2811 1711 2834 san—

247 2858 339 2887 ctum
363 2853 644 2897 tabernaculum,
681 2855 891 2896 sanctaeque
916 2861 1056 2885 mensae
1078 2855 1134 2884 tus
1158 2848 1335 2893 adoleret,
1360 2853 1397 2882 et
1419 2845 1556 2881 clericis
1580 2858 1623 2881 ex
1649 2857 1711 2879 ve-
