1832 3178
535 229 611 273 DE
645 227 880 272 OFFICIIS
915 227 996 273 GP.
1031 226 1144 270 GAP.
1180 224 1256 270 vl.
1552 222 1618 271 45

174 343 376 401 παιδαρίου
397 340 584 387 κάτωθεν
601 345 678 386 τοῦ·
693 339 869 398 μεγάλου
895 341 1129 396 δομεστῶιοο
1150 339 1197 383 τὸ
1221 334 1498 395 ὃιβάμπουλον
1513 338 1616 395 μεθ’

173 413 355 469 ἧμμένης
377 409 589 466 λαμπάδος
615 411 829 467 φέροντος,
856 405 906 464 ἧς
934 410 986 465 δὴ
1012 407 1225 463 λαμπάδος
1248 407 1299 450 τὰ
1322 410 1396 463 μὲν
1416 408 1523 465 ἄκρα
1543 409 1616 450 εἶσὶ
1642 411 1669 445 Ρ
1694 412 1738 447 78

175 481 248 525 διὰ
267 478 535 538 κινναβάρεως
552 479 810 533 βεβαμμένα,
843 478 889 521 τό
909 479 957 520 δὲ
975 478 1101 532 μέσον
1121 477 1189 519 διὰ
1208 478 1396 520 πεταλιόυ
1416 493 1622 533 κεχρυσω-

174 550 294 605 μένον
322 548 483 602 ἕχον-τος
513 546 715 604 σταυροὺς
746 545 857 596 ε’ντὸς
893 545 1026 604 κύκλῳ
1060 546 1274 596 κοκκίνους.
1340 550 1413 600 τῆς
1442 539 1512 587 οὖν
1541 549 1622 588 τῶν

141 617 292 674 5ὧρῶν
317 615 509 673 ἔνάρξεως
528 615 740 672 γενομένης
760 615 873 671 φέρει
896 614 1038 656 αὐτίκα
1065 611 1336 656 παιδόπουλον
1359 618 1434 656 τοῦ
1456 617 1622 667 βεστια-

174 687 263 743 ριόυ
284 684 330 728 τὸ
350 689 422 727 τοῦ
438 684 638 738 βασιλέως
658 684 894 734 δικανίκιον,
925 681 1021 740 ὅπερ
1047 682 1185 736 λαβὼν
1206 679 1228 724 ὅ
1251 682 1378 738 μέγας
1397 679 1622 739 πριμμική-

173 771 261 811 ριος
283 753 417 811 φέρων
438 754 578 795 δίδωσι
597 755 657 809 ’τῷ
674 754 847 805 βασιλεῖ’.

302 821 448 864 ’Ῑστέον
467 821 510 862 df*
527 819 590 862 ὅτι
610 821 664 868 εἲς
681 819 756 873 μέν
774 818 849 869 τὰς
866 816 970 860 καθ’
995 814 1166 872 ἑκάστην
1183 816 1391 874 γινομένας
1408 814 1621 874 παραστά-

172 906 257 940 σεις
287 886 310 932 ὅ
342 888 533 942 βασιλεὺς
567 888 669 943 λέγει
703 886 765 930 ὅτι
798 886 845 929 τὸ
878 884 1094 928 ὃικανίκιόν
1121 902 1201 940 μου
1209 917 1223 937 ,
1268 886 1335 927 καὶ
1364 885 1475 942 φέρει
1503 889 1620 927 τοῦτο

121 962 246 1004 1οτοὖ
270 957 500 1011 βεστιαριόυ
529 953 818 1007 παιδόπουλον,
853 954 967 996 καθὰ
995 954 1170 1011 εἴρηται·
1204 954 1268 996 ἐπὶ
1293 954 1338 996 δὲ
1358 958 1438 996 τῶν
1460 951 1622 1009 ἑορτῶν,

171 1022 269 1067 ὅταν
298 1022 549 1080 παράστασις
577 1023 756 1079 γένηται,
788 1021 892 1077 μετὰ
919 1022 964 1065 τὸ
992 1022 1062 1064 τὸν
1090 1021 1262 1076 βασιλέα
1290 1023 1345 1072 εἰς
1371 1021 1441 1064 τὸν
1469 1019 1622 1077 θρόνον

171 1093 299 1136 auito&
326 1096 550 1147 σταθῆναι,
584 1092 651 1134 καὶ
675 1092 804 1147 χωρὶς
830 1095 902 1133 τοῦ
934 1091 1054 1132 εἰπεῖν
1085 1090 1208 1132 αὐτὸν
1239 1089 1301 1132 ὅτι
1327 1089 1374 1132 τὸ
1406 1087 1619 1131 §exart-adv

171 1177 275 1215 μου,
308 1161 410 1216 λέγει
429 1157 450 1202 ὅ
471 1160 596 1215 μέγας
615 1157 923 1215 πριμμικήριος,
949 1156 1244 1209 παιδόπουλον,
1271 1158 1467 1214 καὶφέρει
1485 1162 1616 1200 τοῦτο.
1638 1165 1667 1198 Β

174 1227 196 1271 ὅ
217 1229 261 1270 δὲ
279 1229 369 1285 περὶ
388 1226 531 1270 τούτου
551 1226 667 1283 λόγος
688 1222 805 1277 οὗτός
825 1228 931 1269 ἔστιν
941 1258 954 1278 ,
988 1225 1049 1269 ὅτι
1071 1229 1125 1276 εἷς
1143 1226 1218 1276 τὰς
1240 1226 1340 1268 καθ’
1365 1223 1520 1280 ἡμέραν
1538 1230 1618 1268 τῶν

120 1307 163 1344 15
172 1295 339 1354 ὄρθρων
364 1294 636 1353 παραστάσεις
662 1297 729 1337 καὶ
759 1299 840 1338 τῶν
868 1293 1104 1350 ἕσπερινῶν,
1137 1293 1240 1348 μετὰ
1261 1293 1308 1335 τὸ
1326 1294 1419 1343 τοὺς
1437 1294 1619 1348 ἐντίμους

172 1369 254 1407 τῶν
280 1362 485 1420 ἀρχόντων
503 1366 559 1414 εἷς
575 1363 649 1418 τὴν
668 1361 922 1419 παράστασιν
943 1364 1137 1405 εἰσελθεῖν
1143 1393 1158 1414 ,
1191 1362 1294 1417 λέγει
1311 1359 1332 1403 ὃ
1349 1362 1540 1415 βασιλεὺς
1560 1361 1621 1404 ὅτι

171 1432 219 1475 τὸ
250 1429 463 1475 δικανίκιόν
489 1449 591 1486 μου,
626 1438 790 1486 σημεῖον
817 1430 863 1472 ὂν
890 1435 1009 1473 τοῦτο
1037 1434 1111 1473 τοῦ
1135 1431 1204 1472 καὶ
1226 1430 1296 1472 τὸν
1323 1428 1622 1486 παρακάτωθεν

171 1499 272 1543 λαὸν
292 1501 497 1542 statement.
561 1500 666 1542 κατὰ
684 1499 729 1541 δὲ
747 1499 821 1548 τὰς
838 1497 1017 1554 μεγάλας
1038 1502 1118 1540 τῶν
1141 1497 1290 1554 ἑορτῶν
1313 1496 1456 1547 πάντες
1474 1497 1623 1552 ἄρχον-

172 1568 239 1618 τές
253 1583 295 1610 τε
314 1568 382 1610 καὶ
399 1567 438 1609 οἳ
457 1570 587 1609 λοιποὶ
605 1567 848 1623 εἰσέρχονται
857 1597 871 1617 ,
910 1568 978 1607 καὶ
998 1565 1070 1607 οὐκ
1089 1565 1172 1608 ἔστι
1188 1566 1306 1620 χρεία
1327 1565 1396 1606 διὰ
1414 1570 1532 1607 τοῦτο
1554 1565 1624 1607 τὸν

116 1647 166 1684 20
173 1634 344 1689 βασιλέα
372 1637 538 1688 ζητῆσαι
565 1634 611 1676 τὸ
645 1635 860 1675 δικανίκιον
888 1632 1032 1675 αὐτοῦ’
1083 1630 1174 1674 τόδε
1202 1632 1280 1687 γὰρ
1306 1631 1422 1682 εῗὸιὺς
1450 1631 1472 1675 ὅ
1499 1633 1624 1688 μέγας

172 1699 458 1761 πριμμικῆριος
478 1702 580 1757 λέγει
598 1699 855 1757 ἀνερωτήτως
864 1731 879 1751 ,
913 1702 980 1741 καὶ
1001 1699 1190 1756 φέρουσιν
1212 1700 1336 1757 αὐτῷ.

311 1768 540 1812 'Primnum
557 1763 628 1812 οὖν
644 1769 687 1811 αἱ
706 1763 830 1826 ὧραι,
860 1764 919 1818 ὥς
937 1767 1057 1819 ἔθος,
1086 1767 1115 1822 ἥ
1131 1785 1172 1810 τε
1193 1766 1355 1825 πρώτη,
1383 1765 1410 1822 ἦ
1431 1767 1621 1824 τριθέκτη

260 1877 284 1912 7
305 1873 428 1920 φέρων
449 1887 503 1910 om
520 1875 550 1910 P
688 1876 730 1911 11
751 1871 999 1931 παραστάσεις
1018 1871 1195 1919 γένωνται
1217 1874 1247 1908 Α
1386 1876 1430 1910 16
1452 1874 1575 1911 ἐλθεῖν
1592 1877 1621 1910 Ρ

259 1919 526 2012 ξτῆεαῑρακάτω
546 1921 575 1956 A
750 1922 793 1957 19
817 1919 917 1955 ἔσται
939 1920 969 1954 P
1136 1920 1183 1956 22
1206 1915 1311 1964 ’καθ’
1334 1918 1419 1965 ἕκτη
1442 1923 1493 1967 A²
1516 1923 1620 1966 τρίτη

168 2057 400 2103 lampadarius
433 2061 545 2092 autem
577 2056 672 2091 infra
698 2068 856 2100 magnum
885 2056 1105 2091 domesticum
1128 2057 1199 2092 fert
1223 2067 1362 2091 aureum
1385 2062 1521 2091 contum
1546 2068 1620 2092 cum

169 2103 313 2138 ardente
330 2102 505 2149 lampade3
528 2103 625 2136 cuius
644 2103 811 2156 lampadis
830 2114 1012 2148 supremae
1033 2109 1150 2148 partes
1171 2103 1302 2136 tinctae
1322 2109 1403 2136 sunt
1421 2103 1620 2146 cinnabari3

170 2149 316 2183 medium
337 2159 422 2183 vero
446 2160 510 2193 per
532 2149 712 2182 bracteam
725 2148 917 2183 inauratum
941 2155 1014 2191 est,
1047 2159 1135 2192 quae
1167 2148 1260 2182 intus
1291 2160 1411 2182 cruces
1439 2149 1620 2183 coccineas

169 2195 207 2229 in
240 2195 357 2228 orbem
387 2199 639 2238 repraesentat.
684 2194 778 2227 sacto
810 2193 917 2238 igitur
950 2194 1108 2227 horarum
1137 2194 1258 2237 initio,
1291 2193 1438 2228 famulus
1461 2195 1621 2228 vestiarii

170 2239 286 2274 statim
293 2239 531 2294 imperatoris
550 2245 724 2286 sceptrum
748 2240 870 2282 affert3
903 2240 996 2284 quod
1019 2249 1161 2283 magnus
1182 2238 1400 2308 primicerius
1419 2239 1623 2285 imperatori

196 2285 267 2319 orri
293 2284 331 2319 't-

168 2297 193 2331 P
262 2296 446 2364 &ciendum
477 2334 533 2363 est
561 2328 802 2374 imperatorem
824 2330 861 2364 in
884 2329 1097 2375 quotidianis
1129 2309 1464 2364 circumstationibus
1486 2330 1621 2364 dicere·

171 2376 368 2428 proferatur
398 2380 570 2420 sceptrum
596 2387 718 2410 meum.
767 2382 803 2409 et
826 2387 903 2409 mox
927 2375 1089 2410 famulum
1112 2376 1273 2409 vestiarii
1294 2375 1378 2409 illud
1401 2376 1547 2419 afferre,
1584 2381 1623 2410 ut

171 2427 275 2455 antea
295 2419 455 2454 diximus.
503 2426 654 2454 ceterum
676 2421 712 2454 in
735 2421 855 2464 festis,
881 2422 1018 2465 quando
1037 2420 1270 2455 circumstatio
1288 2420 1495 2462 instituitur,
1523 2427 1623 2464 post-

172 2478 274 2510 quam
314 2468 503 2510 imperator
539 2472 609 2500 stat
647 2477 709 2500 suo
748 2467 785 2500 in
825 2466 936 2508 soli03
974 2465 1099 2500 omisso
1127 2466 1188 2499 illo
1218 2466 1426 2519 proferatur
1449 2472 1622 2511 sceptrum

171 2523 301 2554 meum,
325 2522 466 2555 magnus
488 2511 704 2556 primicerius
727 2512 934 2566 compellans
955 2512 1132 2552 famulum,
1158 2511 1304 2553 famule,
1330 2510 1462 2554 inquit.
1487 2518 1523 2545 et
1540 2524 1624 2545 con-

171 2557 287 2591 festim
311 2563 483 2601 sceptrum
506 2563 681 2610 apportat.
726 2558 816 2592 ratio
841 2557 942 2591 huius
967 2562 1039 2599 est,
1067 2557 1149 2601 quia
1171 2556 1208 2588 in
1231 2555 1441 2599 quotidianis
1464 2558 1625 2591 matutini

172 2608 210 2636 et
239 2612 459 2656 vesperarum
493 2601 843 2656 circumstationibus,
879 2608 1058 2655 postquam
1090 2601 1330 2634 honoratiores
1353 2613 1396 2635 ex
1418 2603 1625 2647 proceribus

171 2649 209 2681 in
242 2646 523 2681 circumstatione
553 2647 618 2680 iam
644 2654 845 2692 praesentes
875 2653 974 2688 sunt,
1010 2647 1059 2681 ait
1082 2646 1269 2690 imperator
1299 2642 1524 2691 “proferatur
1545 2659 1623 2682 sce-

171 2698 285 2747 ptrum
319 2703 447 2733 meum3
460 2689 480 2702 '³
523 2692 615 2736 quod
649 2699 846 2736 argumento
880 2698 934 2726 est
963 2691 1143 2738 populum,
1181 2691 1240 2735 qui
1270 2691 1416 2726 inferius
1449 2693 1621 2737 consistit,

172 2738 277 2772 etiam
310 2738 558 2782 ingressurum.
605 2742 640 2771 at
674 2738 710 2770 in
742 2739 873 2783 magnis
908 2739 1007 2772 festis
1034 2747 1151 2770 omnes
1173 2747 1336 2780 proceres
1359 2743 1396 2771 et
1415 2738 1575 2784 reliqui*
1564 2751 1620 2772 m-

172 2788 286 2826 trent,
319 2794 383 2817 nec
414 2793 500 2826 opus
533 2787 587 2816 est
616 2787 655 2816 ut
682 2783 871 2836 imperator
898 2790 1071 2827 sceptrum
1100 2792 1195 2815 suum
1225 2782 1410 2827 deposcat:
1442 2783 1508 2818 hoc
1531 2785 1621 2818 enim

173 2828 285 2862 sciens
309 2839 450 2872 magnus
473 2828 688 2871 primicerius
712 2828 861 2863 iniussus
883 2828 1073 2882 praecipit,
1101 2832 1136 2860 et
1159 2828 1308 2862 afferunt
1328 2828 1425 2863 illud.

263 2873 443 2909 canuntur
464 2874 571 2918 igitur
594 2874 716 2916 horae,
752 2880 792 2910 ut
813 2875 916 2910 moris
941 2879 1014 2917 est,
1049 2872 1178 2918 prima,
1200 2874 1322 2917 tertia,
1347 2880 1446 2910 sexta
1470 2879 1506 2909 et
1530 2886 1620 2911 nona
