1832 3178
430 694 869 738 EMINENTISSIMO
893 694 936 738 S.
955 695 1006 738 R.
1027 694 1072 738 E.
1091 692 1331 738 PRINCIPI

158 820 811 892 MICHAELI
877 821 1637 906 ΜΑΖΑΒΙΝΟ,Ι

293 979 757 1040 AQUENSIUM
812 978 1471 1030 ARCHIEPISCOPO.

159 1279 339 1368 Quanto
363 1304 482 1355 magis
509 1303 652 1342 aemula
679 1303 902 1341 Graecarum
923 1304 1043 1342 Gallia
1075 1304 1281 1353 literarum,
1314 1301 1610 1340 Eminentissime

158 1371 385 1422 Cardinalis,
419 1373 604 1423 primaeva
621 1384 696 1408 non
714 1371 861 1408 inferior
875 1373 1032 1423 pietate,
1069 1373 1210 1423 imperii
1227 1370 1410 1420 dignitate
1427 1381 1525 1406 nunc
1542 1381 1610 1419 po-

158 1440 253 1489 tior,
286 1443 392 1478 tanto
415 1439 484 1477 sibi
505 1438 659 1476 GraecIa
677 1438 852 1488 pristinae
871 1439 1085 1477 eruditionis
1106 1439 1292 1490 religionis
1314 1436 1516 1474 maiestatis
1534 1447 1611 1473 me-

157 1519 239 1545 mor
257 1506 402 1555 quaerit
420 1506 607 1544 ardentius
627 1505 768 1543 Galliae
788 1507 1029 1556 praesidiuin3
1067 1511 1105 1543 et
1133 1519 1208 1555 quo
1236 1504 1487 1543 vehementius
1512 1501 1610 1539 Galli

158 1586 327 1624 proceres
353 1574 554 1624 sapientiae
578 1572 811 1609 Athenaeum
841 1573 1029 1621 ambiunt,
1071 1585 1116 1609 eo
1146 1572 1274 1609 maiori
1300 1571 1415 1620 gestit
1442 1569 1612 1606 ubertate

158 1640 375 1689 gaudiorum
392 1639 560 1676 Codinus
588 1635 820 1687 σοφωτάτου
847 1651 980 1675 nomen
1011 1639 1169 1690 adeptus
1186 1651 1292 1676 suum
1312 1638 1383 1674 hoc
1401 1637 1448 1673 de
1468 1635 1612 1673 Officiis

159 1705 410 1743 ecclesiasticis
431 1709 471 1742 et
494 1703 666 1754 palatinis
685 1717 779 1754 opus
798 1717 820 1741 a
836 1705 951 1742 Gallis
976 1710 1126 1743 aeterna
1149 1705 1424 1742 consecratione
1438 1703 1609 1740 dedicari.

158 1777 262 1810 extra
288 1772 468 1823 patriam,
503 1771 588 1808 licet
609 1784 684 1808 non
707 1772 880 1822 ignotus,
912 1784 1033 1810 errare
1051 1773 1260 1822 videretur,
1287 1773 1326 1809 ni
1354 1771 1494 1822 patrios
1519 1783 1608 1808 suos

158 1840 419 1878 ecclesiasticos
438 1851 607 1889 proceres
625 1839 662 1875 in
680 1839 877 1875 sacrarium
896 1838 1021 1877 Tuum
1047 1840 1244 1890 reciperet,
1276 1839 1413 1876 aulicos
1441 1838 1479 1874 in
1506 1837 1609 1888 pala-

159 1908 252 1944 tium
277 1907 487 1955 induceret,
531 1907 569 1943 in
596 1918 671 1955 quo
700 1907 820 1944 avitae
845 1907 1031 1957 religioni,
1070 1905 1177 1942 simul
1206 1918 1249 1941 ac
1273 1905 1396 1954 regiae
1424 1903 1611 1940 maiestati

158 1975 285 2011 sedem
303 1976 461 2023 pararet.
505 1972 695 2010 albicantis
717 1974 786 2011 sub
806 1974 891 2012 Tua
909 1985 1072 2025 purpura
1089 1973 1202 2009 vestis
1222 1973 1381 2010 candore
1398 1975 1608 2022 perspecto,

158 2041 327 2078 intimum
346 2039 455 2077 animi
474 2037 548 2075 Tui
570 2040 766 2078 candorem
784 2043 938 2079 coniecit
957 2054 1025 2078 nec
1053 2041 1229 2090 imparem
1257 2038 1475 2076 eminentiae
1501 2037 1607 2074 nobi-

159 2106 320 2152 litatem;
371 2105 688 2156 patriarchamque
714 2121 820 2146 suum
853 2122 935 2146 cum
967 2107 1139 2145 ecclesiae
1176 2119 1332 2156 magnae
1370 2104 1610 2156 optimatibus

161 2174 286 2222 modo,
304 2185 385 2209 cum
404 2185 471 2210 nec
490 2172 594 2223 luget
612 2187 679 2211 nec
695 2174 832 2212 ieiunat
845 2176 918 2225 illa,
941 2175 1098 2213 candido
1113 2173 1233 2211 colore
1248 2173 1463 2223 fulgentem,
1483 2172 1610 2221 modo,

161 2241 193 2276 si
212 2240 348 2276 luctum
376 2239 434 2276 vel
456 2240 627 2278 ieiunium
646 2242 838 2291 indixerit,
873 2254 1059 2293 purpureo
1081 2253 1293 2289 coruscum,
1326 2241 1366 2277 in
1382 2240 1495 2277 sacris
1515 2238 1611 2276 Tuis

162 2305 313 2342 aedibus
334 2304 394 2342 Te
420 2306 558 2354 colere3
590 2308 847 2359 imperatorem
874 2322 962 2346 vero
984 2308 1107 2346 curiali
1125 2321 1193 2344 suo
1219 2307 1396 2344 comitatu
1417 2307 1610 2356 stipatum,

162 2385 312 2409 ameum
341 2374 507 2420 quamvis
538 2378 577 2411 et
608 2388 832 2426 purpureum
859 2377 1129 2425 undequaque,
1183 2375 1215 2411 si
1246 2374 1476 2411 maiestatem
1507 2371 1609 2409 nullo

162 2451 326 2476 maerore
344 2439 591 2479 obnubilatam
610 2443 795 2493 proferat,
831 2443 995 2480 candidis
1021 2447 1150 2480 contra
1167 2441 1330 2477 vestibus
1348 2441 1540 2490 amictum,
1575 2440 1608 2476 si

162 2507 299 2543 luctum
331 2510 513 2557 testetur,
564 2509 624 2546 Te
648 2511 812 2546 venerari
840 2514 879 2547 et
908 2510 946 2546 in
974 2510 1089 2547 musei
1109 2509 1185 2545 Tui
1209 2508 1404 2545 secretiore
1428 2507 1608 2558 penetrali

164 2574 258 2611 Tuis
287 2574 442 2624 pedibus
469 2575 611 2613 advolvi
630 2580 796 2627 exoptat,
826 2581 866 2614 et
884 2589 982 2614 nunc
999 2577 1133 2614 amisso
1153 2575 1318 2625 imperio,
1348 2575 1398 2611 ad
1423 2574 1607 2612 felicitatis

163 2643 391 2692 reparandae
417 2654 547 2692 omen,
586 2643 800 2693 priusquam
821 2644 954 2680 iterato
984 2656 1025 2679 se
1051 2642 1239 2692 proferat,
1275 2642 1313 2678 in
1343 2641 1430 2679 Tuo
1459 2641 1607 2678 nomine

163 2721 340 2758 apparere
362 2709 537 2759 postulat.
592 2710 632 2747 id
667 2723 757 2747 sane
778 2710 911 2747 Codini
945 2721 1038 2759 opus
1060 2712 1140 2757 est,
1174 2709 1276 2757 quod
1311 2721 1388 2746 non
1413 2708 1608 2746 crediderit

162 2776 292 2814 merito
328 2776 508 2828 quispiam
543 2780 602 2814 tot
637 2777 833 2815 dicandum
858 2775 1065 2814 hominibus
1103 2779 1196 2824 quot
1224 2776 1358 2814 Officia
1386 2775 1608 2827 percensuit,
