1832 3178
280 195 347 242 90
693 199 894 245 comm
927 166 1329 247 GUROPALATAE

279 329 361 355 των
378 315 450 366 τῆς
467 312 699 369 ἐκκλησίας,
740 315 814 365 τὰς
833 314 945 371 ἱερὰς
966 314 1101 359 αὖτιόν
1120 321 1340 375 φοροῦντες
1358 315 1520 372 στολάς.
1586 326 1741 378 σιωπῆς

280 381 326 424 δέ
343 381 520 438 μεγάλης
537 385 604 426 καὶ
622 383 790 440 ἠρεμίας
811 384 1019 439 γινομένης
1042 385 1085 427 ἓν
1106 391 1164 444 τῷ
1182 391 1280 446 ναῷ,
1308 388 1476 442 πέμπων
1498 387 1520 432 ὃ
1539 388 1739 448 πατριάρ-

227 457 258 491 D
279 467 357 506 χης
381 456 663 507 προσκαλεῖται
685 452 781 502 τοὺς
800 455 1004 506 βασιλεῖς,
1045 454 1185 507 οἵτινες
1203 458 1270 498 καὶ
1287 454 1470 513 ἴρχονται
1486 457 1549 500 ἐπὶ
1568 458 1638 501 τὸν
1656 457 1739 514 ὄίμ-

271 522 409 573 βωνα,
444 519 545 562 ὅπου
564 518 586 563 ὃ
607 518 860 576 πατριάρχης
879 521 999 565 ἐστίν.
1045 521 1251 567 ἐλθόντων
1271 525 1316 567 δὲ
1337 523 1600 581 ἀναγινώσκει
1621 520 1739 578 οὗτος

275 588 350 638 τὰς
375 589 438 630 ἐπὶ
460 590 592 646 χρίσει
617 590 818 642 βασιλέων
845 591 1152 646 συντεθειμένας
1177 590 1298 647 εὐχάς
1306 626 1319 645 ,
1348 593 1423 645 τὰς
1439 594 1513 648 μὲν
1533 600 1770 649 μυστικῶς5

274 656 349 708 τὰς
367 657 411 699 δὲ
430 659 496 699 καὶ
518 658 724 715 ἐκφωνῶν,
767 657 928 702 ἱκετεύει
951 660 995 702 δὲ
1015 662 1081 702 καὶ
1103 660 1292 715 εὖμενίζει
1321 661 1392 704 τὸν
1421 662 1523 706 θεὸν
1542 661 1641 719 ὑπὲρ
1664 668 1739 707 τοῦ

271 726 489 779 μέλλοντος
502 724 810 783 χρισθήσεσθαι
829 729 1042 781 βασιλέως.
1108 730 1211 784 μετὰ
1235 731 1280 773 δὲ
1299 734 1428 773 ταῦτα
1449 732 1601 789 ἐπαίρει
1617 732 1690 787 μὲν
1713 731 1736 776 ὃ

273 794 362 844 νέος
380 794 575 848 βασιλεὺς
603 794 626 837 ὅ
656 812 697 838 τι
726 794 777 839 ἃν
806 800 918 853 φορῇ
943 797 1006 839 ἐπὶ
1031 802 1235 854 κεφαλῆς,
1274 798 1399 850 εὐθυς
1418 800 1463 842 δὲ
1482 799 1626 852 πάντες
1645 799 1736 844 ὅσοι

273 860 522 919 εὑρίσκονται
545 864 587 907 ἓν
606 868 663 924 τῷ
686 868 772 924 ναῷ
790 864 1117 909 ἀποκαλύπτουσι
1143 867 1217 918 τὰς
1242 868 1423 924 κεφαλὰς
1446 871 1644 912 ἵστανται.
1711 867 1734 912 ὅ

273 931 318 974 δὲ
339 930 592 989 πατριάρχης
615 934 723 990 χριέι
754 936 1025 989 σταυροειδῶς
1053 935 1127 990 τὴν
1150 935 1331 993 κεφαλὴν
1357 941 1430 980 τοῦ
1458 938 1659 991 βασιλέως
1677 942 1735 996 τῷ
1747 948 1792 984 10

272 1002 374 1058 θείῳ
391 999 534 1059 μύρῳ,
569 1002 758 1058 ἐπιλέγων
778 1000 932 1060 μεγάλῃ
952 1008 1000 1061 τῇ
1023 1009 1138 1061 φωνῇ
1165 1005 1211 1048 τὸ
1238 1004 1364 1061 ἅγιος.
1433 1006 1471 1048 οἶ
1494 1006 1539 1048 δὲ
1561 1005 1672 1057 ὄντες
1693 1007 1735 1048 ἓν

132 1070 159 1103 Ρ
184 1072 251 1107 123
273 1073 330 1126 τῷ
349 1068 510 1123 ἄμβωνι
528 1069 674 1122 πάντες
694 1072 783 1129 περὶ
803 1071 874 1114 τὸν
891 1071 1159 1129 πατριάρχην,
1204 1071 1482 1128 διαδεχόμενοι
1501 1074 1574 1130 τὴν
1595 1074 1735 1132 φωνὴν

272 1137 431 1194 λέγουσι
460 1141 526 1181 καὶ
556 1139 670 1182 αὐτοὶ
697 1141 741 1182 ἐκ
773 1140 908 1197 τρίτου
937 1141 983 1183 τὸ
1014 1140 1140 1196 ἅγιος.
1208 1140 1358 1196 ὁμοίως
1380 1143 1426 1186 δὲ
1444 1145 1511 1186 καὶ
1529 1143 1575 1187 τὸ
1593 1142 1734 1186 λοιπὸν

270 1211 343 1250 τοῦ
362 1210 468 1249 λαοῦ
487 1212 649 1263 πλῆθος
668 1208 713 1250 ἐκ
729 1209 869 1266 τρίτου
891 1209 992 1265 λέγει
1013 1209 1083 1253 τὸν
1101 1209 1224 1253 αὐτὸν
1244 1209 1375 1267 λόγον.

404 1276 530 1319 Μετὰ
552 1277 597 1319 de*
614 1280 756 1330 ταῦτα,
783 1278 818 1320 εἲ
835 1278 907 1320 καί
919 1295 1021 1329 τινες
1038 1278 1219 1335 λέγουσιν
1238 1279 1300 1323 ὅτι
1318 1281 1382 1323 ἐπὶ
1403 1282 1476 1334 τῆς
1495 1276 1612 1336 ἆγίας
1628 1297 1729 1336 τρα-
1743 1289 1786 1324 15

267 1344 387 1400 πέζης
406 1351 531 1387 κεῖται
551 1346 596 1388 τὸ
616 1346 776 1401 στέμμα
793 1350 867 1388 τοῦ
879 1347 1081 1400 βασιλέως
1090 1379 1103 1399 ,
1134 1347 1228 1390 ἀλλ’
1253 1349 1326 1391 οὐκ
1344 1347 1427 1391 ἔστι
1450 1352 1592 1391 τοῦτο·
1621 1348 1732 1400 ἐντὸς

266 1412 312 1454 δὲ
337 1417 409 1455 τοῦ
439 1411 556 1470 ἁγίου
583 1413 771 1470 βήματος
800 1414 1071 1470 κρατούμενον
1099 1413 1178 1459 ὑπὸ
1209 1415 1404 1460 διακόνων
1424 1416 1499 1468 τὰς
1518 1416 1629 1475 ἱερὰς
1650 1434 1730 1475 φο-

264 1479 441 1538 ρούντων
462 1482 611 1534 στολὰς
631 1482 768 1539 ἄγεται
788 1484 852 1525 ἐπὶ
874 1483 944 1526 τὸν
966 1483 1154 1539 ἄμβωνα.

399 1553 452 1592 Εἰ
482 1546 567 1603 οὖν,
613 1549 670 1602 ὡς
696 1552 952 1609 προείπομεν,
997 1551 1188 1610 πάρεστιν
1222 1551 1243 1595 ὅ
1275 1553 1468 1607 βασιλεὺς
1495 1555 1562 1596 καὶ
1593 1554 1726 1611 πατὴρ

261 1618 409 1671 αὐτοῦ,
444 1617 566 1670 αὐτός
583 1637 625 1663 τε
647 1622 714 1662 καὶ
735 1618 757 1662 ὃ
775 1619 1029 1679 πατριάρχης
1047 1619 1239 1676 λαβόντες
1254 1622 1299 1664 τὸ
1320 1623 1479 1676 στέμμα
1499 1622 1782 1667 ε’πιτιθίασιΞΟ

259 1691 312 1743 τῇ
331 1692 488 1746 κεφαλῇ
511 1693 585 1730 τοῦ
603 1689 695 1731 νέου
709 1689 923 1743 βασιλέως,
946 1692 1012 1732 καὶ
1033 1691 1209 1748 ε’κφωνεΐ
1227 1688 1248 1733 ὅ
1267 1689 1518 1749 πατριάρχης
1534 1690 1579 1734 τὸ
1601 1690 1725 1742 ἄξιος.

211 1760 240 1794 Β
265 1757 299 1797 εἷ
321 1756 367 1798 δὲ
394 1756 468 1800 οὐκ
495 1757 579 1801 ἔστι
607 1757 742 1816 πατὴρ
771 1758 923 1811 αὐτοῦ’,
970 1766 1080 1802 ποιεῖ
1107 1764 1228 1802 τοῦτο
1258 1757 1382 1814 μόνος
1411 1757 1433 1803 ὃ
1461 1757 1725 1817 πατριάρχης.

353 1865 377 1899 2
398 1863 461 1899 καὶ
484 1862 638 1910 ἠρεμίας
661 1878 715 1901 om
738 1867 769 1900 A
845 1866 868 1902 5
887 1865 1020 1911 κρίσεις
1035 1866 1064 1900 Ρ
1147 1867 1191 1902 ΙΞ
1211 1864 1348 1906 πάντες
1363 1865 1446 1911 περὶ
1460 1864 1530 1900 τὸν
1545 1864 1723 1910 πατριάρ-

353 1922 421 1955 κην
444 1923 499 1946 om
521 1913 553 1947 Α
647 1913 691 1948 14
713 1910 752 1947 ἐκ
775 1911 902 1956 τρίτου
927 1924 981 1946 om
1004 1913 1036 1947 A
1129 1914 1174 1948 17
1195 1910 1377 1958 βήματος]
1398 1912 1670 1957 θυσιαστηρίου
1693 1913 1721 1947 Α

260 2005 299 2037 et
322 2014 398 2037 cum
419 2003 480 2038 illo
501 2003 680 2048 digniores
703 2015 748 2038 ex
771 2003 940 2038 ecclesiae
962 2003 1178 2048 proceribus,
1202 2003 1311 2038 sacris
1327 2003 1446 2038 amicti
1463 2003 1576 2040 stolis.
1598 2016 1724 2050 magno

260 2054 375 2083 autem
398 2049 540 2084 silentio
563 2051 658 2084 facto
686 2055 722 2084 et
744 2049 864 2095 quiete
885 2055 964 2084 orta
989 2048 1025 2082 in
1047 2050 1189 2094 templo,
1214 2050 1318 2083 misso
1345 2049 1506 2095 quopiam
1529 2056 1634 2085 vocat
1659 2063 1720 2097 pa—

260 2095 416 2129 triarcba
439 2095 692 2142 imperatore3‚
718 2096 779 2140 qui
802 2095 838 2129 in
862 2097 1042 2130 ambonem
1066 2096 1110 2129 ad
1133 2095 1367 2142 patriarcham
1391 2096 1549 2131 veniunt.
1595 2096 1722 2142 quibus

258 2141 502 2187 praesentibus
525 2141 612 2186 legit
633 2141 832 2187 patriarcha
855 2142 900 2176 ad
924 2141 1118 2175 unctionem
1141 2142 1388 2187 imperatorum
1407 2142 1615 2188 compositas
1639 2154 1719 2188 pre-

259 2199 339 2230 ces,
365 2187 490 2232 partim
517 2188 646 2231 tacite,
670 2187 797 2233 partim
821 2188 917 2222 clara
938 2199 1043 2222 vocet
1067 2188 1243 2234 supplicat
1263 2194 1375 2222 autem
1400 2189 1466 2223 deo
1490 2200 1555 2232 pro
1578 2188 1636 2222 ino
1659 2189 1719 2233 qui

254 2233 291 2267 in
323 2233 567 2279 imperatorem
598 2233 818 2278 inungendus
850 2239 924 2276 est,
959 2245 1107 2279 eumque
1136 2234 1318 2280 eidemque
1354 2234 1542 2280 propitium
1570 2235 1719 2269 reddere

253 2280 385 2314 studet.
432 2280 601 2327 posthaec
630 2280 720 2314 tollit
748 2291 860 2314 novus
884 2279 1074 2326 imperator
1099 2280 1224 2325 capitis
1247 2286 1501 2326 tegumentum,
1529 2280 1717 2325 qualecun-

253 2338 324 2370 que
339 2326 421 2360 illud
438 2326 559 2361 suerit.
591 2339 612 2361 e
626 2326 777 2370 vestigio
801 2332 927 2369 autem,
954 2330 1126 2371 quotquot
1148 2326 1185 2360 in
1206 2327 1334 2373 templo
1356 2327 1590 2373 reperiuntur,
1613 2335 1716 2372 aper-

253 2373 300 2407 tis
325 2372 502 2419 capitibus
525 2373 677 2407 adstant.
725 2378 761 2407 at
781 2371 982 2419 patriarcha
1005 2372 1118 2406 crucis
1141 2372 1178 2407 in
1200 2374 1344 2408 sormam
1369 2378 1475 2420 caput
1495 2371 1717 2430 imperatoris

253 2419 374 2455 divino
404 2428 581 2464 unguento
611 2418 766 2463 inungit,
810 2418 973 2453 accinens
1000 2418 1094 2453 elata
1124 2431 1213 2453 voce
1245 2419 1330 2454 illud
1351 2416 1542 2455 “sanctusl
1598 2430 1717 2453 omnes

253 2478 359 2511 porro
381 2466 440 2511 qui
463 2477 539 2500 cum
563 2465 759 2510 patriarcha
786 2470 866 2499 sunt
888 2464 924 2498 in
949 2465 1107 2509 ambone,
1141 2466 1358 2511 excipientes
1381 2476 1501 2500 vocem
1526 2469 1655 2499 canunt
1681 2468 1718 2499 et

252 2512 322 2557 ipsi
346 2511 452 2546 tertio
475 2511 561 2546 illud
582 2506 786 2546 “sanctum’'
827 2521 915 2555 qnos
939 2510 1102 2544 similiter
1120 2511 1258 2558 reliqua
1282 2511 1402 2559 populi
1423 2510 1606 2546 multitudo
1629 2512 1714 2545 sub-

250 2559 422 2604 sequitur,
448 2563 504 2592 ter
524 2557 608 2592 illud
630 2552 816 2592 “sanctus'’
839 2556 1112 2593 admodulantes.

339 2603 515 2639 Postbaec
538 2603 620 2639 licet
643 2603 715 2638 sint
738 2602 799 2648 qui
821 2603 973 2646 tradant,
999 2607 1144 2637 stemma
1162 2614 1225 2637 seu
1248 2615 1411 2638 coronam
1435 2602 1654 2648 imperatoris
1677 2602 1713 2636 in

247 2656 370 2685 sancta
393 2662 512 2685 mensa
535 2650 726 2696 repositum
751 2660 852 2694 esse,
887 2649 925 2684 id
949 2654 1062 2683 tamen
1086 2661 1187 2684 secus
1211 2655 1285 2694 est,
1318 2650 1402 2694 quia
1434 2649 1528 2684 intra
1557 2653 1712 2682 sanctum

250 2696 509 2731 tabernaculum
533 2701 673 2732 tenetur
695 2708 716 2731 a
733 2695 891 2731 diaconis
914 2707 1033 2730 sacras
1056 2700 1174 2730 vestes
1195 2695 1415 2738 serentibu33
1437 2696 1713 2741 deportaturque

249 2742 285 2778 in
308 2745 503 2778 ambonem.

343 2789 384 2823 Si
404 2788 526 2834 igitur,
550 2793 590 2822 ut
612 2793 715 2823 antea
740 2789 880 2832 dictum,
907 2787 1009 2821 adest
1032 2785 1222 2832 imperator
1248 2792 1349 2833 pater
1371 2786 1459 2828 eius,
1485 2786 1563 2832 ipse
1588 2789 1624 2820 et
1646 2797 1708 2831 pa-

250 2835 404 2870 triarcha
426 2839 604 2879 acceptum
630 2840 773 2871 stemma
795 2834 976 2881 imponunt
1002 2833 1085 2868 novi
1110 2833 1331 2877 imperatoris
1353 2832 1480 2878 capiti,
1511 2832 1711 2877 patriarcha

251 2881 334 2918 inud
356 2881 535 2917 incinente
556 2876 742 2926 “dignum''
787 2880 818 2917 si
853 2886 955 2927 pater
987 2891 1056 2915 non
1089 2879 1181 2915 adsit
1212 2885 1273 2914 aut
1304 2879 1407 2914 etiam
1439 2890 1509 2914 non
1544 2877 1709 2925 supersit,
