1820 3178
537 200 596 244 IN
629 199 826 245 coum
851 200 962 244 eff.
1003 199 1039 243 1.
1384 170 1389 175 ’
1434 201 1527 246 131

79 311 208 349 auctor
234 306 550 360 Turcograeciae‚
575 306 646 348 sed
674 309 780 350 male.
836 323 923 350 nam
949 309 1239 362 confugientium
1267 310 1317 348 ad
1339 309 1527 348 ecclesiam

79 379 166 405 cura
189 366 401 430 pertinebat
438 362 541 418 πρός
566 363 638 406 τόν
673 370 750 408 τοῦ
779 368 1006 418 σακελλίου,
1041 371 1086 406 111
1112 380 1227 418 supra
1260 367 1400 405 dictum
1434 381 1464 406 0.
1490 370 1529 408 3-

76 423 131 461 ita
159 434 226 473 110,
278 423 312 460 si
357 419 522 461 definitio
570 421 662 461 haec
714 423 908 474 probanda
960 424 1052 474 sit,
1083 423 1190 462 aliter
1236 423 1407 474 explicari
1462 424 1528 461 de-

78 478 125 516 be
150 476 208 532 it,
238 482 283 517 ut
318 490 386 531 per
410 475 647 531 πρόσφνγας
683 479 931 530 intelligamus
957 481 1038 518 illos
1068 481 1133 530 qui
1157 493 1202 518 ex
1232 480 1447 531 captivitate
1478 481 1529 517 ad

78 527 310 574 Christianos
340 546 409 585 spe
441 534 633 573 libertatis*
656 537 898 587 confugiunt,
943 550 1021 575 non
1051 540 1175 574 autem
1200 535 1280 574 illos
1310 537 1374 586 qui
1398 537 1529 574 confu-

77 592 186 642 giunt
207 591 260 629 ad
285 591 474 630 ecclesiam
485 595 679 641 „tanquam
704 592 754 630 ad
779 606 843 643 as)
847 593 924 631 lum
948 593 1178 644 impunitatis
1204 593 1334 643 gratia.
1394 593 1529 631 dicitur

75 645 340 700 πρωτέκδικος
361 651 532 699 respectu
551 647 707 687 aliorum
731 647 898 689 ἐκδίκων
924 661 991 687 seu
1008 649 1263 687 defensorum.
1286 649 1410 701 plures
1431 649 1531 687 enim

76 707 203 750 erant3
244 704 294 742 ad
316 715 475 754 quorum
503 717 637 742 munus
665 705 876 756 pertinebat
899 717 1050 755 quoque
1074 718 1278 758 pauperum
1300 709 1339 743 et
1365 703 1530 743 intirmo-

72 765 171 799 'rum
187 772 296 811 cura,
337 773 386 798 ne
417 761 711 812 opprimerentur
742 773 766 799 a
791 763 1083 813 potentioribus,
1126 766 1171 800 ut
1198 763 1308 800 docet
1328 761 1530 800 Balsamon

77 815 120 855 in
149 829 219 855 sua
249 817 297 854 de
327 814 611 868 chartophylace
629 821 669 856 et
698 819 910 869 protecdico
934 819 1213 869 disceptatione.
1251 821 1308 857 et
1332 817 1418 856 olim
1445 818 1530 867 qui—

79 873 166 913 dem
188 872 270 914 laici
296 873 367 912 hoe
396 872 517 912 officio
545 875 820 926 fungebantur,
859 878 993 926 postea
1027 879 1153 912 tamen
1187 874 1325 912 clericis
1359 875 1531 912 commis-

77 941 163 967 sum
215 933 284 967 est.
339 931 591 981 proteedicum
637 931 783 969 rettulit
837 931 935 969 inter
991 931 1267 969 exoeatacoelos
1318 931 1529 982 Xiphilinus

77 985 309 1036 patriarcha,
363 989 408 1024 ut
456 999 486 1024 0.
541 989 569 1027 2
621 987 796 1025 diximus:
855 991 967 1026 antea
1025 988 1123 1025 enim
1178 987 1328 1025 minoris
1386 987 1531 1024 subsel-

77 1041 116 1079 lii
143 1043 381 1095 magistratus
421 1046 511 1081 erat.
568 1037 761 1085 ἐκδικεῖοῦ
803 1045 906 1095 apud
941 1043 1200 1082 Balsamonem
1234 1043 1337 1082 locus
1371 1047 1430 1081 est
1465 1043 1532 1081 ubi

80 1098 123 1138 οἱ
143 1097 310 1149 ἔκδικοι,
339 1111 435 1148 quae
464 1100 625 1139 muneris
653 1100 711 1138 sui
743 1104 853 1150 sunt,
898 1105 1091 1138 asservant
1126 1099 1339 1139 consultant
1373 1105 1412 1139 et
1444 1112 1532 1151 per-

77 1159 208 1205 agunt.
263 1154 461 1207 ἐκδίκησις
484 1161 543 1194 est
570 1156 654 1207 ipsa
674 1157 839 1195 defensio
862 1170 929 1195 seu
958 1159 1040 1197 τῶν
1058 1156 1227 1197 {xoium
1253 1156 1362 1194 actio.

192 1221 475 1262 Observandum
509 1226 568 1261 est
594 1222 706 1261 etiam
726 1223 766 1260 in
792 1222 963 1261 Romana
988 1222 1140 1262 ecclesia
1179 1223 1292 1262 fuisse
1324 1223 1532 1290 antiquitus

78 1277 301 1330 defensores,
331 1291 520 1329 unumque
549 1291 593 1318 ex
634 1279 778 1318 illorum
804 1293 963 1318 numero
1007 1281 1263 1331 praecipuum,
1299 1281 1363 1330 qui
1394 1282 1534 1331 primus

81 1334 241 1386 defetuor
291 1335 447 1373 audiret.
514 1330 672 1386 quorum
717 1333 876 1374 officium
914 1336 1075 1374 breviter
1126 1337 1344 1374 describitur
1396 1336 1534 1387 (verba

82 1391 267 1443 Onuphrii
300 1390 450 1443 refero)
477 1404 502 1429 a
549 1392 700 1442 Pelagio
743 1394 783 1430 in
829 1393 1016 1444 Rescripta
1052 1393 1102 1431 ad
1138 1393 1367 1431 Antoninum
1411 1392 1536 1429 Patri-

80 1448 195 1498 cium,
228 1459 325 1497 quae
344 1447 560 1499 postulabat
582 1449 803 1487 monachum
825 1447 903 1487 fieri
931 1449 1164 1500 defensorem,
1200 1450 1239 1486 in
1261 1462 1338 1499 quo
1367 1449 1534 1486 ostendit

81 1502 242 1543 officium
276 1505 445 1548 monachi
483 1509 523 1543 et
557 1505 746 1556 defensoris
786 1505 981 1543 convenire
1022 1517 1098 1542 non
1128 1517 1240 1555 posse
1293 1504 1389 1543 “illis
1428 1506 1533 1550 enim,

79 1560 202 1610 inquit
260 1562 356 1612 quies
410 1564 542 1610 oratio,
581 1562 683 1599 labor
719 1573 883 1599 manuum
910 1559 928 1611 (
938 1559 1162 1611 compet1t).
1205 1565 1246 1598 at
1269 1563 1316 1599 ies
1345 1572 1533 1598 causarum

82 1618 256 1666 cognitio,
285 1619 540 1662 conventiones,
578 1621 699 1662 actus,
730 1617 874 1667 publica
902 1617 1046 1666 litigia,
1084 1619 1119 1654 et
1146 1629 1367 1667 quaecunque
1393 1615 1446 1652 vel
1474 1628 1534 1652 ec-

82 1673 281 1715 clesiastica
307 1674 476 1711 instituta
499 1673 553 1711 vel
583 1673 854 1723 supplicantium
888 1674 1075 1710 necessitas
1103 1667 1250 1722 poscit''.
1306 1685 1354 1709 ex
1382 1672 1534 1709 decreto

82 1728 227 1767 Urbani
265 1732 371 1779 patet
401 1729 649 1779 procuratoris
677 1728 824 1766 nomine
853 1728 1006 1778 intelligi
1039 1727 1239 1777 quemlibet
1271 1728 1534 1766 ecclesiastica-

80 1797 164 1823 rum
189 1797 312 1823 rerum
343 1785 697 1835 administratorem,
724 1789 768 1822 ut
791 1785 892 1822 verbi
915 1785 1037 1835 gratia
1065 1785 1339 1835 praepositum,
1373 1796 1531 1822 oecono-
1553 1783 1582 1818 P
1606 1783 1671 1819 162

81 1854 205 1891 mum,
229 1841 525 1892 ·vieedominum‚
571 1842 774 1879 defensoris
801 1842 951 1879 nomine
980 1841 1200 1879 advocatum
1222 1841 1299 1879 sive
1325 1841 1532 1880 castaldum

55 1910 58 1912 ·
82 1902 122 1936 et
140 1898 297 1935 iudicem
317 1902 385 1935 etc.
416 1910 571 1947 quorum
589 1899 738 1948 quidam
765 1898 977 1937 defensores
1011 1898 1090 1936 sine
1123 1900 1352 1949 adiectione,
1381 1899 1532 1948 quidam

82 1955 296 2002 defensores
313 1955 508 2004 regionarii
535 1956 622 1993 dicti
643 1959 755 2007 sunt,
776 1957 877 2006 quod
900 1956 1037 1993 scilicet
1070 1956 1109 1993 in
1133 1956 1286 2006 singulis
1319 1955 1532 2006 regionibus

83 2010 270 2049 distributi
287 2015 421 2049 essent.
449 2024 606 2061 quorum
632 2013 771 2063 primus
793 2012 849 2050 vel
869 2013 1039 2062 princeps
1052 2013 1276 2063 primicerius
1296 2013 1532 2050 defensorum

83 2067 293 2118 dicebatur,
320 2080 476 2117 magnae
503 2069 542 2106 in
575 2069 726 2107 ecclesia
761 2068 932 2107 Romana
965 2069 1254 2107 existimationis.
1302 2069 1393 2106 haec
1425 2069 1533 2106 Onu-

82 2124 210 2174 phrius
246 2124 285 2161 in
316 2124 482 2174 explicat.
517 2139 648 2163 vocum
681 2124 923 2163 Ecclesiastic.
981 2126 1090 2162 docet
1109 2125 1290 2162 Batonius
1317 2126 1534 2175 regionarios

82 2180 274 2230 defensores
299 2179 491 2218 institutos
517 2182 632 2220 fuisse
652 2194 674 2219 a
701 2182 740 2219 S.
765 2181 948 2232 Gregorio
975 2193 1073 2219 anno
1093 2182 1231 2219 domini
1246 2183 1349 2232 598,
1375 2184 1419 2218 ut
1437 2181 1534 2218 sicut

84 2239 191 2273 erant
212 2239 354 2286 septem
376 2239 569 2286 regionarii
588 2240 722 2276 notarii
738 2241 777 2276 et
801 2239 959 2276 totidem
984 2240 1180 2287 regionarii
1205 2238 1365 2286 diaconi,
1394 2237 1448 2274 ita
1474 2239 1532 2272 et-

82 2292 156 2330 iam
182 2297 307 2330 essent
335 2297 478 2344 septem
503 2293 695 2345 defensores
720 2296 934 2344 regionarii,
959 2294 1110 2332 caeteris
1134 2294 1315 2344 dignitate
1341 2295 1534 2343 praestan-

81 2349 220 2442 ἓῗιιξξς
248 2348 470 2447 gggquibus
507 2350 571 2399 qui
610 2350 717 2402 plura
753 2351 878 2402 cupit,
920 2351 952 2388 is
983 2350 1186 2388 Baronium
1224 2349 1392 2388 consulat
1432 2359 1532 2386 anno

194 2404 222 2441 ti

176 2492 211 2526 p.
225 2479 249 2514 4
270 2491 306 2515 v.
325 2481 380 2515 11.
415 2478 572 2526 συνόδῳ]
605 2492 672 2516 11011
695 2481 836 2516 omnium
858 2481 915 2516 vel
937 2493 979 2516 ex
1004 2480 1131 2516 cunctis
1154 2478 1332 2525 provinciis
1354 2476 1533 2522 episcopo-

85 2535 157 2560 rum
173 2525 379 2570 quorundam
394 2526 489 2560 simul
505 2531 693 2561 coactorum
710 2528 824 2562 concio
838 2525 994 2567 σύνοδος
1007 2533 1077 2561 est:
1103 2525 1252 2559 conflant
1276 2534 1348 2556 eam
1373 2534 1414 2555 ex
1440 2533 1534 2555 more

87 2571 286 2626 pontifices
276 2583 310 2605 m
330 2573 445 2606 urbem
469 2572 632 2607 advenae.
678 2573 721 2606 ab
740 2585 780 2606 ea
794 2579 906 2607 tamen
923 2573 1027 2626 primi
1034 2583 1095 2605 sex
1121 2569 1255 2603 diaconi
1278 2572 1447 2611 nequeunt
1470 2568 1534 2600 ab-

87 2610 304 2651 055111οὖ101,
318 2614 503 2661 κάθηνται
520 2613 561 2651 ἐν
579 2618 624 2662 τῇ
638 2618 727 2663 θείᾳ
744 2617 806 2652 καὶ
832 2616 915 2664 ispo?
939 2615 1097 2662 συνόδῳ.
1144 2613 1331 2649 similibus·
1323 2624 1358 2648 m
1379 2613 1532 2656 synodis,

87 2672 306 2707 quaecunque
321 2663 378 2696 lib.
393 2664 415 2697 3
431 2669 464 2697 et
479 2661 501 2697 4
519 2663 607 2696 Iuris
623 2664 692 2696 GR
706 2652 811 2708 legis,
829 2673 907 2698 sunt
921 2663 1070 2697 definita.

199 2721 305 2760 Haec
336 2722 383 2760 de
418 2721 536 2773 prima
570 2722 732 2772 pentade
765 2720 966 2761 officiorum
1002 2726 1043 2758 et
1078 2716 1283 2758 officialium
1318 2716 1534 2755 ecclesiasti-

89 2788 223 2816 corum.

669 2883 936 2890 ——ffl
