1820 3178
301 164 400 214 204
515 167 789 212 GRETSERI
811 167 882 209 ET
904 165 1078 210 GOARI
1101 165 1537 211 COMMENTARIUS

389 286 422 322 p.
447 276 491 312 12
511 286 545 312 v.
572 277 607 311 6.
663 272 822 319 τζοέγγρα
845 285 967 321 ιιι-αις,
992 270 1262 319 stamariz-occec
1289 274 1497 325 aagittpn‘os
1524 274 1748 321 quidamvcum

297 322 449 357 Meursio
477 321 639 356 reddunt:
665 332 750 366 quos
771 324 883 354 autem
906 330 1026 362 arcus,
1052 330 1136 365 quos
1156 319 1351 364 sagittarios
1375 320 1580 366 intelligant,
1603 318 1671 356 noti
1686 333 1746 357 cx·

298 371 439 413 ponunt.
486 367 638 402 breviter
661 371 696 400 et
720 365 863 400 sincere.
907 362 1067 410 τζοίγγρα
1098 365 1245 401 balistae
1275 371 1372 408 sunt,
1403 366 1447 400 de
1476 365 1596 412 quibus
1619 366 1748 402 Canta-

299 423 447 448 cuzenus
475 415 492 447 1
514 414 580 448 36:
613 407 653 446 ἐκ
675 410 793 454 τόξων
814 411 1019 446 Λατινικῶν
1039 410 1113 445 τῶν
1131 407 1332 456 λεγομένων
1365 408 1552 466 τζοὶγγρων
1579 407 1749 457 ἀφιέντες

300 455 401 504 βέλη.
462 458 550 492 belle
577 457 748 503 interpres
767 457 802 490 in
825 457 991 500 margine:
1019 457 1100 492 iude
1119 461 1384 503 tzangmlorcs,
1406 468 1466 502 qm
1489 458 1750 493 arcubalistan'i

292 506 466 548 suerunt,
502 514 643 548 quorum
665 514 747 538 usus
767 503 806 536 in
829 504 926 537 bellis
963 507 1044 537 timo
1075 505 1238 548 temporis
1267 503 1447 549 plurimus.
1493 507 1570 538 sunt
1589 507 1626 538 et
1649 503 1750 538 testi-

297 549 409 583 monia
432 559 520 595 quae
543 559 641 583 arcus
662 548 846 583 huiusmodi
868 548 1034 591 indicent,
1058 549 1176 583 Annae
1197 549 1222 584 l.
1248 550 1288 584 8:
1325 545 1369 583 τὸ
1391 545 1466 584 α’πὸ
1488 548 1554 593 τῆς
1574 545 1751 594 τζάγγρας

303 595 498 637 (femineum
521 594 665 628 reddidit
689 594 825 634 femina)
850 592 953 640 βέλος
974 589 1140 637 ἐμπεσόν.
1186 604 1348 640 nusquam
1369 594 1437 628 hoc
1457 593 1501 628 de
1523 594 1646 637 usitato
1668 605 1751 628 arcu

299 640 492 681 diceretur,
523 640 610 675 sicut
629 651 693 674 nec
714 639 771 674 illa
793 640 942 674 Herouis
963 637 1305 684 μαγγανότζαγγρα,
1337 640 1517 674 machinae
1537 640 1750 675 balistaria&

298 690 376 720 sunt
401 690 436 719 et
459 685 524 719 alia
548 695 636 731 quae
661 684 852 720 balistarios
873 685 1048 730 ingerant,
1072 684 1218 720 Nicetae
1239 685 1275 719 in
1299 685 1458 720 Manuale
1484 685 1653 720 Oomneno
1667 685 1691 720 l.
1706 686 1750 720 22

297 728 533 775 φραξάμενοί
553 743 591 765 τε
604 755 615 775 ,
640 729 688 771 ὥς
710 726 823 776 εἶχον,
844 727 892 765 τοὶ
914 732 1013 776 τείχη
1035 727 1203 772 τοξόταις
1223 728 1287 765 καὶ
1308 727 1582 775 τζαγγρᾶτορσι.
1629 734 1666 766 at
1686 729 1751 765 nisi

299 774 563 820 τζαγγροῖτορες
581 776 750 811 balistarii
770 777 884 811 forent
906 778 948 811 ab
973 776 1047 810 aliis
1081 776 1268 821 sagittariis
1299 776 1446 819 diversi,
1481 782 1519 811 ut
1545 776 1627 822 quid
1655 781 1752 811 utro-

298 833 439 866 rumque
463 822 607 867 mentio,
632 826 671 856 ut
697 834 739 856 ex
762 822 804 857 iis
829 822 999 856 moenibus
1022 824 1172 856 tutamen
1194 821 1399 856 accederet?
1443 832 1542 857 arcus
1571 826 1682 856 tamen
1699 824 1752 857 est

303 867 447 911 balista,
479 868 643 902 balistarii
664 879 798 913 quoque
825 869 990 912 sagittarii
1020 872 1119 908 sunt,
1156 878 1242 912 quos
1273 867 1415 913 proinde
1445 864 1752 912 τζαγγροτοξὸτας

302 913 450 947 nominat
475 913 614 947 Nicetas
636 913 671 948 in
690 913 808 947 Alexio
833 914 858 948 1.
885 914 920 949 3.
948 919 985 948 at
1007 913 1171 947 Phranzis
1194 912 1362 958 interpres
1385 913 1558 947 Fontanus
1571 913 1661 948 belle
1673 924 1752 948 rur-

302 969 361 992 sus
380 958 423 992 de
447 958 512 992 illis
537 960 561 993 2
585 959 647 994 142
674 963 901 1004 sangi-atores
926 958 1078 1003 (quidam
1099 958 1185 992 enim
1212 958 1346 992 codices
1360 959 1484 993 habent
1498 955 1750 1004 ζαγγροὶτορες,

302 1003 360 1038 alii
383 1002 638 1048 τζαγγοὶτορες)
660 1016 772 1050 genus
794 1006 1077 1050 sagittariorum,
1103 1004 1247 1039 alterius
1271 1005 1408 1049 generis
1422 1008 1530 1040 vestes
1543 1009 1578 1039 et
1593 1005 1750 1050 insignia

301 1050 494 1094 habebant,
517 1049 562 1084 ab
587 1050 662 1084 aliis
687 1061 806 1096 nempe
827 1051 1014 1095 sagittariis
1037 1049 1254 1085 Tzaconibus
1277 1049 1350 1086 sive
1379 1049 1572 1085 Laconibus
1601 1050 1749 1086 diversa.

392 1123 438 1158 ib.
462 1133 496 1157 v.
523 1123 556 1158 7.
589 1123 663 1157 τῶν
695 1122 861 1167 μεγάλων
888 1123 1090 1168 παλατίων]
1121 1122 1218 1168 plura
1242 1123 1338 1158 fuere
1360 1121 1462 1169 cpoli
1484 1122 1610 1168 palatia
1629 1122 1674 1159 ab
1695 1122 1751 1157 hi-

301 1168 437 1202 storicis
464 1180 503 1202 ac
524 1168 698 1214 speciatim
721 1169 896 1212 Originum
922 1169 982 1202 GP
1005 1174 1145 1204 auctore
1163 1172 1364 1203 memorata=
1391 1168 1448 1214 qui
1474 1178 1648 1214 supremus
1677 1179 1750 1203 om-

298 1213 386 1247 nium
409 1218 544 1247 curator
570 1218 604 1247 et
629 1218 764 1255 custos,
788 1214 818 1249 is
843 1219 896 1249 est
918 1214 1221 1259 προκαθήμενος,
1258 1214 1301 1249 de
1325 1225 1392 1260 quo
1414 1213 1451 1248 in
1472 1212 1652 1260 praesenti.
1697 1213 1750 1248 le·-

296 1263 420 1303 gantur
445 1258 567 1292 Gillius
593 1263 628 1293 et
649 1259 857 1294 Pancirollus
878 1259 921 1294 de
947 1261 990 1295 14
1013 1261 1207 1305 regionibus
1231 1259 1325 1294 urbis
1348 1260 1422 1294 ΟΡ.
1469 1270 1571 1294 unum
1583 1260 1648 1294 fuit
1660 1258 1749 1294 inter

295 1305 431 1350 reliqua
464 1304 691 1351 praecipuum.
748 1305 819 1339 Leo
856 1306 1102 1341 Grammaticus
1135 1304 1354 1352 βασίλειον;·
1366 1305 1506 1339 Nicetas
1539 1305 1562 1339 1.
1585 1307 1603 1340 1
1627 1305 1750 1339 Isaacii

297 1347 466 1394 μέγιστον
489 1347 656 1394 ἀρχεῖον,
680 1350 846 1384 Manuelis
871 1351 893 1385 1.
921 1354 940 1386 1
963 1348 1055 1395 μέγα
1075 1347 1244 1395 ἀρχεῖον,
1276 1348 1374 1385 ἔνθα
1395 1351 1469 1385 τῶν
1490 1346 1686 1396 χρημάτων
1707 1346 1752 1384 αἱ
1809 1352 1812 1354 ’

297 1398 448 1438 σωρεῖαι
470 1394 534 1430 καὶ
556 1391 602 1429 τοὶ
625 1395 697 1430 τῶν
720 1394 955 1438 κρατούντων
987 1391 1205 1441 γνωριστικοὶ
1234 1395 1499 1440 περιβλήματα.
1546 1395 1627 1430 alibi
1656 1392 1749 1440 μέγα

298 1441 506 1486 βασίλειον,
527 1452 642 1475 rursus
666 1437 767 1486 ἱερὸν
789 1438 940 1487 ἀρχεῖον
959 1447 1074 1476 vocat.
1121 1442 1155 1475 in
1189 1452 1229 1475 eo
1252 1441 1380 1486 regium
1404 1441 1598 1476 satellitium
1624 1451 1665 1475 ac
1689 1452 1749 1476 so-

295 1488 421 1521 lemnes
445 1487 626 1521 excubiae:
664 1498 705 1521 ea
730 1492 869 1532 propter
891 1487 1003 1522 occiso
1027 1486 1195 1521 Michaele
1219 1487 1349 1521 silentio
1374 1486 1454 1520 illud
1480 1497 1647 1532 occupare
1676 1491 1750 1521 stu-

297 1533 370 1566 duit
384 1533 530 1567 Basilius
544 1532 709 1575 Macedo,
735 1533 769 1566 in
790 1533 904 1567 Leone
920 1533 1042 1575 citato;
1067 1532 1202 1567 Manuel
1224 1543 1307 1566 vero
1332 1533 1466 1567 Ioannis
1484 1531 1646 1566 Comneni
1660 1531 1750 1567 filius

295 1589 317 1611 a
341 1582 439 1623 patre
463 1578 675 1623 quantumvis
700 1578 928 1623 renuntiatus,
963 1579 1027 1613 hoc
1056 1589 1158 1612 unum
1178 1578 1341 1612 sollicitus
1361 1578 1550 1623 ambiebat,
1583 1581 1622 1613 ut
1647 1578 1748 1623 pala-

296 1623 379 1658 tium
403 1623 536 1670 imperii
562 1635 674 1659 arcem
697 1627 849 1667 teneret,
874 1624 910 1659 in
931 1624 1059 1660 Niceta
1079 1624 1154 1659 loco
1177 1623 1245 1658 iam
1267 1628 1463 1659 memorato.

389 1697 437 1732 ib.
459 1710 494 1734 V.
521 1699 556 1733 8.
603 1699 700 1731 erant
723 1697 920 1732 blachernae
943 1697 988 1732 ad
1012 1696 1111 1732 maris
1136 1697 1242 1731 sinum
1273 1696 1392 1743 Cpoli=
1424 1692 1491 1732 τόν
1522 1691 1563 1731 ἕν
1594 1694 1750 1742 Βλαχέρ-

296 1755 382 1783 ναις
402 1741 542 1778 κόλπον
564 1746 726 1778 memorat
744 1743 919 1777 Cedrenus
944 1743 979 1777 in
1002 1743 1169 1778 Michaele
1183 1743 1308 1787 Balbo,
1331 1742 1367 1777 in
1383 1754 1424 1776 eo
1439 1753 1506 1777 non
1520 1753 1636 1777 sacras
1651 1743 1748 1777 modo

298 1790 477 1834 deiparae,
502 1789 562 1823 sed
580 1792 616 1823 et
638 1789 749 1832 regias
772 1788 1030 1834 imperatoribus
1052 1789 1233 1823 Pulcheria
1257 1787 1444 1823 construxit
1469 1787 1587 1828 aedes,
1610 1799 1747 1833 quarum

301 1834 475 1869 custodiae
498 1835 565 1869 fuit
585 1834 747 1870 sollicitus
770 1834 824 1868 hic
845 1832 1144 1879 προκαθήμενος.
1189 1833 1373 1869 Nicetasin
1389 1833 1505 1868 Alexio
1519 1833 1746 1868 Manuelisb':

300 1881 370 1914 τοῦ
389 1877 620 1923 Ἀνδρονίκου
643 1877 874 1925 καταβάντος
896 1876 937 1914 ἐκ
958 1881 1026 1914 τοῦ
1055 1879 1271 1921 τυραννείου
1303 1877 1356 1917 εἰς
1384 1875 1426 1913 τό
1457 1874 1497 1912 ἐν
1527 1875 1749 1923 Βλαχέρναις

301 1925 482 1971 βασίλειον
497 1951 507 1969 ,
525 1924 589 1960 καὶ
610 1923 809 1970 ’γενομένου
832 1922 928 1960 κατὰ
952 1922 1019 1960 τόν
1043 1922 1147 1964 ἐντὸς
1168 1922 1303 1959 τούτου
1334 1923 1511 1968 ὑψηφερῆ
1539 1921 1674 1968 δόμον,
1707 1919 1749 1965 ὃς

301 1968 505 2015 Πολύτιμος
528 1970 679 2015 λέγεται.
724 1970 882 2005 incultum
908 1971 1089 2015 ruinaeque
1112 1970 1255 2004 vicinum
1280 1969 1439 2003 describit
1463 1970 1636 2012 Gregoras
1661 1969 1685 2004 4
1705 1971 1745 2005 7:

295 2013 340 2051 τὸ
363 2013 432 2059 γὰρ
456 2014 495 2050 ἐν
520 2014 742 2059 Βλαχέρναις
763 2013 856 2059 η’μέλ
884 2027 924 2049 το
950 2011 990 2049 ἑκ
1013 2016 1173 2058 πολλοῦ,
1209 2013 1272 2049 καὶ
1306 2008 1354 2058 ἦν
1382 2010 1425 2048 τό
1449 2011 1618 2048 πλεῖστόν
1642 2026 1681 2059 γε
1703 2010 1746 2049 ἔκ

296 2062 436 2096 πολλοῦ
459 2062 601 2095 καπνοῦ
627 2059 690 2094 καὶ
712 2057 846 2100 κόνεως
858 2028 1186 2105 Ἔμπεπλησμένον,
1213 2062 1419 2105 quapropter
1440 2059 1526 2093 urbe
1547 2066 1747 2104 recuperata

296 2108 331 2142 in
354 2118 396 2140 eo
420 2107 571 2140 habitare
594 2106 743 2149 neglexit
767 2106 911 2140 Michael
931 2105 1167 2150 Palaeologus.
1211 2106 1344 2140 tandem
1363 2105 1425 2139 sub
1443 2105 1584 2150 imperio
1598 2105 1747 2141 Turcico

297 2152 421 2187 misere
446 2151 678 2195 conflagravit.
725 2151 801 2195 lego
829 2151 1056 2185 Cantacuzeni
1081 2154 1098 2186 1
1127 2152 1189 2186 56:
1221 2148 1396 2186 Πεπανόν
1409 2162 1492 2184 τινα
1507 2151 1579 2187 τῶν
1594 2146 1634 2185 ἐν
1650 2153 1744 2185 Βλα-

297 2196 444 2243 χέρναις
475 2194 764 2242 προκαθήμενον
796 2196 1006 2242 βασιλείων,
1038 2197 1110 2232 τῶν
1134 2198 1221 2240 τῆδε
1245 2197 1372 2242 τειχῶν
1395 2192 1465 2241 τὴν
1485 2193 1659 2243 φυλακήν
1680 2208 1743 2231 πε-

295 2241 547 2288 πιστευμένον.
595 2244 657 2277 hoc
679 2241 970 2287 προκαθημένου
993 2243 1091 2277 huius
1111 2234 1271 2279 officium.

389 2312 438 2346 ib.
463 2323 498 2347 v.
524 2312 558 2347 9.
582 2307 603 2346 ὁ
629 2306 838 2354 ὃομέστικος
862 2311 934 2344 τῶν
957 2307 1185 2346 ἀνατολικῶν
1205 2309 1392 2355 θεμάτων]
1424 2309 1667 2355 magistrorum,
1683 2309 1745 2345 du-

298 2369 393 2399 cum,
420 2358 574 2392 comitum
589 2382 598 2398 ‚
627 2356 775 2392 Orientis
801 2362 835 2390 et
859 2356 1050 2391 Occidentis
1076 2357 1246 2403 praetorio
1260 2357 1507 2401 praefectorum
1522 2355 1746 2402 deplorandae

295 2403 460 2449 reliquiae
484 2404 579 2437 fuere
604 2402 638 2436 hi
662 2402 726 2436 duo
751 2401 925 2436 domestici
948 2403 1169 2437 Orientalium
1194 2415 1235 2438 ac
1266 2402 1532 2436 occidentalium
1565 2401 1745 2447 copiarum,

298 2451 361 2485 sub
386 2461 504 2494 magno
534 2448 736 2490 domestico,
769 2447 827 2482 vix
858 2452 892 2482 et
926 2459 1013 2493 pene
1050 2449 1182 2483 nomine
1211 2447 1407 2495 praepositi.
1463 2447 1579 2492 itaque
1606 2453 1745 2492 praeter

301 2492 462 2538 δούκας,
482 2493 643 2540 κόμητας
666 2505 706 2528 ac
729 2490 978 2537 στρατηλάτας
999 2494 1064 2538 τῆς
1087 2491 1183 2540 ἕςόας
1212 2492 1276 2528 καὶ
1307 2493 1372 2537 τῆς
1405 2486 1575 2537 ἑσπέρας,
1610 2492 1744 2527 obviam

299 2541 388 2586 apud
413 2541 652 2586 Theophanem
675 2539 864 2574 Cedrenum
891 2540 1058 2574 Zonaram
1082 2542 1210 2574 Annam
1227 2545 1262 2573 et
1280 2539 1364 2573 alios
1378 2538 1500 2584 passim
1515 2537 1745 2583 reperiendos,

301 2588 447 2620 observo
482 2588 582 2620 etiam
614 2581 836 2630 στρατηγούς
865 2585 1017 2631 ampliori
1049 2591 1218 2631 potestate
1249 2585 1413 2625 donatos,
1457 2584 1518 2617 bos
1549 2583 1680 2628 quidem
1709 2583 1744 2617 in

302 2632 446 2666 Oriente
476 2632 551 2666 illos
583 2631 616 2666 in
658 2631 843 2666 Occidente
873 2630 1091 2675 imperitasse.
1145 2632 1189 2665 de
1226 2630 1377 2665 Orientis
1401 2629 1573 2674 praefecto
1596 2628 1744 2673 loquitur

301 2678 530 2723 Theophanes
565 2678 598 2711 in
636 2678 790 2711 Zenone:
828 2673 848 2710 ὁ
883 2673 1047 2722 βασιλεὺς
1076 2673 1199 2711 θέλων
1230 2673 1295 2710 τὸν
1312 2673 1429 2710 '‘Ili-ov
1462 2675 1745 2718 πληροφορῆσαι

302 2719 471 2767 ἐποίησεν
494 2720 608 2758 αὐτὸν
629 2718 831 2767 στρατηγὸν
853 2723 917 2766 τῆς
940 2718 1033 2765 ἑῴας
1053 2721 1191 2767 πάσης,
1223 2719 1311 2761 δοὺς
1342 2717 1442 2766 αὐτῷ
1454 2715 1641 2774 Ιέξουοζίαν
1672 2720 1742 2752 πᾶ-

304 2780 394 2813 cuv,
419 2766 508 2803 ὥστε
531 2767 593 2803 καὶ
616 2769 752 2809 coenas,-
772 2770 904 2803 ποιεῖν.
951 2765 1193 2807 α’νατολικοὺς
1215 2775 1549 2812 στρατηγουμενους
1560 2762 1635 2800 ὐπὸ
1650 2766 1742 2808 Λογ-

303 2814 408 2859 γίνου
432 2815 579 2850 celebrat
599 2814 684 2850 idem
706 2815 934 2860 Theophanes
964 2814 997 2849 in
1028 2815 1265 2861 Copronymo‚
1301 2818 1336 2848 et
1355 2811 1417 2847 sub
1439 2810 1511 2846 eius
1533 2810 1602 2846 filio
1632 2810 1746 2846 Leone
