1832 3178
258 212 322 259 68
667 213 860 256 comm
896 210 1296 255 CUROPALATAE
1319 181 1322 183 ’

205 332 235 367 C
384 323 643 386 ιΠροέρχεται
664 330 759 382 γοῦν
776 324 798 367 ὅ
822 322 1104 382 λαμπαδάριος
1122 325 1176 376 εἲς
1195 323 1265 367 τὸν
1282 323 1497 382 περίπατον
1517 320 1715 379 λαμπάδα

257 400 410 454 φορῶν,
452 395 623 450 ψάλλων
644 394 736 437 ὅλον
761 394 805 436 τὸ
826 393 1028 448 ι’διόμελον
1049 391 1260 444 αιὲξέλθετε
1283 392 1383 447 ἔθνη
1393 425 1407 444 ,
1445 393 1713 444 &gwere-nm?

257 465 370 516 λαοί,
405 463 620 507 θεάσασθε
650 461 824 519 σήμερον
853 462 922 504 τὸν
949 461 1120 516 βασιλέα
1150 466 1230 503 τῶν
1260 460 1462 517 οὐρανῶν·
1506 462 1562 511 εἷς
1586 458 1712 503 τύπον

255 533 334 589 γὰρ
354 535 539 588 Χριστοῦ
557 531 602 573 τὸ
623 531 847 586 εὐαγγέλιον
863 530 1067 587 ἐρχεται.”
1140 527 1223 572 εἶτα
1248 526 1269 571 ὅ
1290 528 1484 583 βασιλεῦς
1501 531 1567 570 καὶ
1585 526 1607 570 ὅ
1625 528 1712 578 υἱὸς

258 601 381 643 αὐτοῦ
412 598 433 642 ὅ
462 598 676 653 βασιλεύς,
725 601 760 641 εἷ
779 598 1028 656 παρατύχοι·
1069 598 1116 648 ὃς
1140 598 1191 653 δὴ
1214 599 1280 639 καὶ
1303 599 1338 640 εἴ
1357 597 1595 651 ἐστεμμένος
1614 596 1710 647 ἔστί,
1724 606 1742 638 5

258 674 381 726 φορεῖ
391 668 548 722 στέμμα
566 669 633 710 καὶ
651 661 768 717 οὗτος
786 665 841 717 ὥς
863 665 884 711 ὅ
904 667 1037 724 πατὴρ
1059 668 1197 717 αὐτοῦ,
1225 666 1464 708 ἀκολουθῶν
1481 670 1539 724 τῷ
1553 669 1719 719 βασιλεῖ

257 739 324 779 καὶ
340 738 461 792 πατρὶ
481 736 607 778 αὐτοῦ
615 749 627 761 ·
664 738 698 778 εἲ
716 735 762 778 δὲ
778 734 836 790 μή
847 767 860 787 ,
888 736 1085 792 στέφανον
1105 738 1170 778 καὶ
1196 733 1358 791 φυάλιν,
1388 731 1444 785 ὥς
1462 733 1712 791 προείπομεν.

256 807 322 847 καὶ
339 805 436 859 μετ’
460 804 583 847 αὐτὸν
604 804 837 861 ἀνέρχονται
858 804 896 846 οἳ
916 801 1128 856 δεσπόται,
1165 801 1249 845 εἶτα
1268 801 1290 845 ὃ
1313 800 1593 860 ἀρχιδιάκονος
1608 802 1712 856 μετὰ

255 877 330 915 τοῦ
353 873 604 928 εὐαγγελίου,
644 871 778 914 ἔπειτα
798 869 819 914 ὃ
841 870 1111 929 πατριάρχης,
1157 875 1313 925 μᾶλλον
1331 872 1375 913 δὲ
1396 871 1434 913 οἶ
1454 869 1724 928 πατριάρχαι,.

115 955 145 990 P
169 953 235 989 100
259 943 292 984 εἲ
312 940 506 998 παρόντες
523 941 634 993 εἰσίν,
668 941 918 994 ἐνδεδυμένοι
940 940 1013 990 τὰς
1034 940 1212 995 ἀλλαγὰς
1235 940 1382 991 αὐτῶν,
1406 941 1473 982 καὶ
1493 938 1596 993 μετὰ
1615 935 1712 982 ‘coni-
1727 943 1768 978 10

248 1027 352 1061 »vove
372 1009 488 1066 ἱερεῖς
506 1010 618 1052 πέντε
641 1007 666 1064 ἢ
690 1010 868 1060 πλείους,
904 1006 1021 1065 ἁγίας
1041 1007 1196 1059 εῗκόνας
1215 1008 1415 1065 φέροντες.

386 1076 666 1121 Ἀπελθόντων
685 1072 755 1119 οὖν
774 1075 880 1119 οὕτω
902 1077 971 1119 διὰ
992 1081 1063 1120 τοῦ
1085 1074 1303 1134 περιπάτου
1324 1076 1444 1130 μέχρι
1468 1075 1536 1116 καὶ
1556 1077 1628 1130 τῆς
1645 1073 1714 1116 ἕκ-

255 1147 443 1202 κλησίας,
478 1147 625 1202 γίνεται
645 1143 670 1199 ἦ
689 1142 884 1195 ἀπόλυσις
901 1149 975 1188 τοῦ
993 1145 1149 1203 ὄρθρου
1171 1145 1307 1188 ἐκεῖσε.
1376 1143 1461 1186 εἶτα
1482 1141 1503 1184 ὁ
1523 1141 1716 1197 βασιλεὺς

254 1214 497 1272 ὑποστρέφει
517 1213 619 1256 καθ’
640 1213 687 1256 ὃν
704 1212 858 1270 εἴρηται
874 1212 1036 1271 τρόπον,
1070 1218 1143 1257 τοῦ
1161 1213 1447 1271 λαμπαδαριόυ
1465 1227 1715 1269 προπορευο-

254 1284 391 1338 μένου.
1725 1284 1768 1320 15

391 1350 477 1392 Καὶ
503 1349 607 1404 μετὰ
634 1348 680 1392 τὸ
708 1348 779 1392 τὸν
806 1349 978 1403 βασιλέα
1006 1354 1081 1393 τοῦ
1109 1347 1328 1406 περιπάτου
1358 1351 1569 1396 κατελθεῖν
1584 1343 1653 1388 τόν
1672 1361 1714 1388 τε

256 1416 509 1475 πατριάρχην
539 1419 607 1460 καὶ
639 1417 734 1468 τοὺς
763 1418 880 1475 ἱερεῖς
906 1422 980 1460 τοῦ
1002 1419 1224 1472 βασιλέως,
1258 1415 1531 1460 παιδόπουλον
1550 1413 1715 1465 ἐξελθὸν

254 1484 422 1543 ἁρπάζει
441 1483 605 1537 κλάδον,
641 1487 858 1540 δηλοῦντος
878 1484 1021 1531 τούτου
1039 1487 1250 1540 βασιλικὸν
1271 1484 1438 1541 ὁρισμὸν
1459 1482 1558 1526 εἶναι
1577 1481 1623 1524 τὸ
1644 1481 1714 1524 τὸν

202 1564 232 1598 Β
258 1556 476 1612 περίπατον
497 1551 734 1610 διάρπαγμα
752 1554 962 1609 γενέσθαι,
993 1557 1059 1596 καὶ
1077 1555 1220 1597 αὐτίκα
1239 1555 1384 1610 γίνεται
1406 1551 1526 1595 οὕτω.
1593 1552 1714 1604 διαρ-

255 1622 422 1676 πάζεται
446 1622 491 1664 δὲ
509 1620 619 1679 παρά
642 1639 683 1664 τε
702 1626 781 1665 τῶν
799 1620 1041 1679 Βαράγγων,
1073 1627 1154 1665 τῶν
1175 1625 1420 1680 παραμονῶν
1442 1622 1507 1662 καὶ
1529 1623 1608 1662 τῶν
1628 1622 1713 1660 λοι·
1722 1625 1769 1661 20

255 1695 343 1733 πιῦν
371 1696 452 1734 τῶν
481 1690 522 1732 ἐν
548 1694 600 1747 τῇ
624 1690 730 1747 αι’·λῇ
758 1687 1049 1747 εὑρισκομένων
1072 1689 1233 1742 τάξεων.
1301 1689 1404 1745 μετὰ
1434 1689 1478 1731 δὲ
1508 1687 1554 1731 τὸ
1585 1690 1715 1730 ταῦτα

253 1758 385 1804 πάντα
409 1759 596 1815 γενέσθαι
625 1759 840 1816 ἀπέρχεται
865 1759 940 1814 μὲν
966 1756 987 1801 ὃ
1007 1759 1199 1813 βασιλεὺς
1221 1761 1276 1810 εἷς
1292 1759 1364 1814 τὴν
1385 1755 1596 1816 τράπεζαν,
1631 1755 1713 1797 ἐπεὶ

343 1891 363 1925 1
389 1886 656 1931 προανέρχεται
681 1900 798 1932 margo
821 1888 850 1922 P
1035 1888 1078 1922 13
1113 1884 1134 1923 ὁ
1167 1899 1221 1923 om
1255 1887 1284 1921 P
1468 1887 1511 1922 18
1535 1883 1577 1922 τὸ
1605 1895 1660 1920 om
1681 1883 1711 1918 1³

346 1936 391 1970 19
414 1932 478 1968 καὶ
502 1933 638 1968 αὐτίκα
660 1933 814 1979 γίνεται]
837 1931 902 1968 καὶ
924 1930 1117 1974 α’ναιτίους
1137 1933 1308 1977 γίνεσθαι
1329 1932 1358 1967 P

343 2045 448 2080 Prior
471 2058 556 2091 ergo
577 2046 614 2081 in
638 2047 868 2081 ambulacrum
891 2046 1049 2081 ascendit
1070 2047 1315 2093 lampadarius,
1338 2057 1476 2082 cereum
1498 2046 1628 2090 ferens,
1655 2047 1712 2079 to-

250 2096 393 2136 tumque
415 2092 498 2126 festi
522 2093 698 2137 proprium
723 2093 891 2126 canticum
915 2093 1117 2127 decantans.
1163 2090 1391 2138 “egredimini
1413 2099 1548 2137 gentes,
1573 2090 1713 2135 egredi-

251 2138 336 2172 mini
360 2137 490 2183 populi‚
514 2138 787 2183 contemplamini
814 2138 918 2173 hodie
939 2150 1056 2182 regem
1081 2139 1274 2173 caelorum:
1299 2139 1433 2174 Christi
1456 2139 1546 2174 enim
1568 2138 1713 2182 figuram

250 2195 379 2228 gerens
404 2184 619 2227 evangelium
646 2181 903 2228 progreditur.”
947 2184 1075 2218 deinde
1104 2185 1293 2230 imperator
1325 2191 1361 2220 et
1386 2185 1477 2219 filius
1501 2185 1575 2219 eius
1599 2183 1711 2228 impe-

252 2234 369 2273 rator,
395 2228 425 2262 si
449 2229 560 2270 adsit3
596 2230 656 2274 qui
677 2230 708 2263 si
733 2234 915 2263 coronatus
938 2231 985 2264 sit
999 2257 1008 2273 ,
1037 2231 1107 2264 fert
1130 2237 1166 2265 et
1187 2231 1264 2275 ipse
1288 2230 1401 2266 instar
1423 2231 1534 2277 patris
1557 2235 1711 2272 stemma,

250 2274 492 2320 imperatorem
526 2281 562 2309 et
592 2280 726 2319 patrem
759 2286 857 2309 suum
891 2276 1120 2319 subsequens.
1168 2277 1199 2311 si
1231 2288 1314 2311 vero
1347 2289 1416 2311 non
1441 2277 1489 2312 sit
1513 2280 1711 2316 coronatus,

251 2326 335 2356 tunc
357 2321 430 2354 fert
451 2319 639 2365 simplicem
664 2333 824 2355 coronam
850 2325 885 2354 et
908 2321 1051 2366 phyalin
1065 2348 1074 2366 ,
1114 2326 1152 2357 ut
1173 2327 1276 2357 antea
1298 2322 1460 2358 diximus.
1507 2326 1587 2368 post
1610 2330 1712 2366 quem

252 2366 444 2401 ascendunt
466 2367 645 2411 dospotae,
671 2367 797 2400 deinde
814 2366 1078 2402 archidiaconus
1097 2379 1171 2402 cum
1194 2368 1390 2413 evangelio,
1414 2372 1536 2414 postea
1559 2365 1710 2412 patriar-

252 2412 320 2447 cha
351 2411 409 2446 vel
443 2411 559 2457 potius
591 2412 832 2458 patriarchae,
868 2412 899 2446 si
931 2419 1136 2458 praesentes
1158 2413 1246 2457 sint,
1279 2414 1390 2449 induti
1414 2414 1612 2449 indumenta
1633 2422 1710 2446 sua.

251 2460 333 2504 post
354 2457 454 2502 istos,
477 2462 642 2502 quattuor
665 2457 722 2493 vel
743 2458 896 2504 quinque
919 2459 1119 2493 sacerdotes
1140 2465 1320 2505 portantes
1344 2472 1462 2495 sacras
1483 2458 1665 2504 imagines.

343 2525 412 2560 His
435 2525 542 2570 igitur
565 2526 656 2561 hunc
677 2526 714 2561 in
737 2526 871 2561 modum
895 2537 958 2571 per
981 2526 1209 2562 ambulacrum
1236 2540 1346 2574 usque
1369 2530 1414 2564 ad
1445 2527 1623 2562 ecclesiam
1647 2526 1711 2561 ab·

252 2571 427 2615 euntibus,
451 2571 572 2606 finitur
592 2572 720 2607 ibidem
746 2572 959 2608 matutinum.
987 2573 1114 2608 deinde
1137 2573 1327 2620 imperator
1349 2586 1391 2609 eo
1415 2585 1483 2620 quo
1505 2573 1635 2608 dictum
1656 2576 1711 2606 est

251 2618 353 2652 modo
377 2618 579 2663 revertitur,
608 2624 798 2665 praeeunte
821 2617 1047 2663 lampadario.

341 2685 530 2730 Postquam
552 2686 743 2731 imperator
765 2685 964 2731 patriarcha
995 2691 1032 2721 et
1053 2687 1273 2732 imperatoris
1297 2687 1497 2722 sacerdotes
1521 2686 1565 2720 de
1589 2685 1711 2719 ambu-

252 2729 345 2764 lacro
370 2731 635 2776 descenderunt,
662 2743 749 2777 puer
771 2742 954 2766 accurrens
977 2734 1071 2777 rapit
1092 2745 1240 2775 ramnm;
1265 2735 1357 2778 quod
1381 2732 1543 2767 indicium
1567 2736 1621 2765 est
1643 2731 1709 2764 im-

251 2776 424 2820 peratoris
448 2778 589 2812 decreto
613 2779 842 2813 ambulacrum
866 2778 934 2812 iam
958 2777 992 2811 in
1018 2780 1178 2823 praedam
1203 2791 1425 2823 concessum,
1452 2783 1488 2812 et
1511 2782 1610 2812 extra
1635 2776 1709 2810 cul-

253 2833 330 2867 pam
354 2822 431 2857 sore
451 2822 515 2857 hos
538 2824 598 2878 qui
619 2824 802 2870 diripiunt.
847 2824 898 2858 ita
922 2823 1087 2870 diripitur
1114 2837 1134 2858 a
1154 2825 1343 2869 Baraugis,
1368 2836 1388 2859 a
1411 2823 1647 2866 stationariis,
1673 2827 1708 2856 et

253 2879 275 2901 a
296 2866 441 2914 reliquis
465 2868 525 2914 qui
547 2881 584 2904 m
605 2869 685 2905 aula
707 2876 788 2906 sunt
810 2869 1001 2905 ordinibus.
1050 2872 1207 2906 omnibus
1231 2871 1308 2906 istis
1338 2870 1491 2917 peractis
1519 2869 1709 2914 imperator
