1864 3164
299 176 396 223 382
513 173 786 220 GRETSERI
803 173 878 217 'ET
903 171 1076 217 GOARI
1101 169 1537 215 COMMENTARIUS

295 287 366 325 fuit
383 284 612 337 Nicephorus
631 283 805 322 Callistus
818 309 831 332 ‚
859 284 902 318 ut
922 284 1069 319 constat
1092 293 1136 318 ex
1163 279 1186 317 l.
1212 279 1260 321 15
1281 279 1455 319 historiae
1473 281 1740 320 ecclesiasticae

295 356 326 381 c.
347 342 399 383 25
422 347 462 380 et
484 346 556 389 263
590 342 652 390 qui
671 342 718 378 de
735 337 915 376 miraculis
936 338 985 374 ad
1004 337 1143 375 fontem
1171 336 1279 374 editis
1296 336 1480 387 integrum
1497 351 1538 376 se
1557 350 1741 376 commen-

294 399 427 437 tarium
453 399 641 448 scripsisse
671 396 768 433 dicit.
794 397 918 432 exstat
943 393 1106 431 Viennae
1137 393 1176 430 in
1206 392 1388 432 Caesarea
1417 393 1639 433 bibliotheca
1664 395 1741 432 for-

296 455 405 492 tassis
432 455 576 492 unicum
612 453 726 490 totius
762 451 934 502 Europae
969 449 1172 499 exemplar;
1210 449 1268 486 cui
1299 449 1369 487 nisi
1398 449 1472 488 cito
1508 454 1741 488 succurratur

294 510 387 563 (vidi
411 511 506 547 enim
525 514 563 547 et
579 507 738 558 percurri
753 506 904 545 allatum
923 505 1156 544 Monachium
1176 509 1215 543 et
1241 504 1313 544 huc
1339 505 1645 558 Ingolstaffium),
1674 518 1742 559 pe-

295 567 396 604 nitus
423 579 445 604 a
470 565 596 603 blattis
630 565 812 612 tineisque
839 563 1074 609 corrodetur3
1115 566 1154 599 et
1180 562 1252 599 iam
1277 574 1375 600 nunc
1399 561 1540 612 aliquot
1572 562 1660 600 locis
1693 562 1741 600 ab

296 622 579 716 aqluisfipessime
596 624 786 673 acceptum
805 623 887 671 est,
914 619 966 658 ita
994 622 1036 657 ut
1059 617 1174 658 multa
1194 617 1266 669 legi
1292 622 1498 671 nequeant,
1526 619 1742 671 praesertim

298 691 343 717 Su
422 691 513 716 nem.

413 743 473 782 Ad
506 745 576 782 hoc
603 743 781 796 templum
823 743 972 782 divertit
1009 755 1156 794 quoque
1196 743 1339 782 Helena
1378 742 1626 781 Cantacuzeni
1658 741 1743 792 filia,

300 804 463 852 nuptura
495 800 623 839 Ioanni
650 801 880 851 Palaeologo.
907 813 984 838 rem
1018 805 1143 839 narrat
1161 801 1240 852 ipse
1269 801 1548 838 Cantacuzenus
1569 797 1596 840 4
1624 800 1659 839 1.

395 876 479 910 ibid.
527 875 619 910 urbis
643 875 700 909 ΟΡ
731 876 813 910 situs
843 874 1056 920 triangularis
1080 881 1151 918 est;
1181 875 1318 921 eiusque
1346 876 1455 910 latera
1484 875 1549 910 duo
1578 874 1746 909 alluuntur

305 921 410 964 mari,
451 921 585 956 tertium
625 921 805 955 continenti
844 921 1045 955 obtenditur.
1091 919 1132 955 ad
1161 931 1232 955 eam
1261 922 1374 966 itaque
1410 921 1590 955 adveniens
1626 919 1746 954 itinere

306 967 463 1002 terrestri
477 967 669 1013 imperatrix
685 967 727 1000 ad
746 968 867 1011 Pegem
891 967 1062 1001 ecclesiam
1086 966 1332 1001 celeberrimam
1359 971 1394 1001 et
1415 966 1541 1011 regium
1565 965 1662 1000 simul
1677 970 1747 1010 'pa-

304 1014 440 1055 latium,
469 1024 536 1057 qua
562 1012 782 1046 continentem
812 1012 949 1057 respicit
974 1013 1072 1054 urbs,
1101 1012 1229 1046 desilit:
1260 1012 1309 1045 sin
1342 1012 1425 1046 mari
1452 1012 1624 1057 appellat,
1656 1010 1747 1044 circa

305 1059 513 1092 Blachernas
535 1058 606 1092 loco
631 1063 747 1103 portus
771 1057 1056 1098 commodissimo,
1077 1058 1134 1090 ubi
1161 1057 1247 1092 aliud
1275 1058 1516 1092 Blachernense
1537 1057 1660 1090 dictum
1685 1067 1742 1101 pa-

306 1104 444 1147 latium,
476 1108 596 1136 terram
623 1103 756 1137 salutat.
790 1104 951 1137 ecclesiae
983 1114 1083 1147 porro
1115 1102 1241 1147 Πηγῆς
1269 1114 1386 1137 nomen
1420 1108 1474 1137 est
1501 1113 1524 1136 a
1551 1105 1650 1146 sonte
1682 1112 1749 1135 non

306 1149 412 1183 minus
437 1149 591 1182 continuo
617 1148 843 1183 miraculorum
893 1147 1032 1182 rofluvio
1060 1159 1159 1193 quam
1184 1149 1383 1193 perennibus
1411 1147 1507 1193 aquis
1533 1148 1749 1182 exuberante.

306 1194 349 1229 ad
367 1194 532 1228 salutares
549 1194 620 1227 eius
637 1205 742 1239 aquas
764 1194 827 1227 sia
843 1211 854 1228 L
882 1194 1035 1235 arciano,
1065 1194 1121 1238 qui
1142 1194 1348 1239 postmodum
1371 1193 1556 1228 Romanum
1578 1192 1750 1238 imperium

305 1239 469 1280 obtinuit,
497 1239 706 1282 deferretur,
738 1238 846 1272 lumen
875 1239 1042 1273 oculorum
1077 1244 1351 1284 recuperaturum
1380 1250 1499 1274 caecus
1525 1249 1585 1284 per
1606 1237 1751 1272 divinam

305 1284 469 1319 visionem
500 1288 553 1318 est
583 1284 735 1320 monitus.
774 1285 850 1318 tulit
876 1282 928 1325 εἰς
958 1281 1026 1328 τὴν
1050 1281 1180 1328 Πηγήν
1217 1284 1407 1318 Marcianus
1439 1295 1595 1326 caecum,
1630 1294 1751 1318 caecus

304 1330 413 1364 visum
432 1341 474 1364 ex
499 1329 593 1374 aquis
614 1329 758 1364 rettulit.
789 1329 885 1371 inde,
912 1329 958 1363 ait
980 1330 1157 1363 Menaeum
1174 1329 1380 1364 Graecorum
1394 1357 1403 1370 ,
1430 1328 1660 1364 miraculorum
1687 1329 1753 1372 τῆς

305 1375 434 1420 Πηγῆς
460 1375 554 1418 origo
572 1379 607 1408 et
623 1374 870 1409 celeberrimum
885 1375 959 1409 loco
981 1385 1099 1408 nomen
1123 1375 1265 1408 sactum:
1297 1370 1338 1408 ἔν
1360 1374 1413 1421 τῷ
1432 1372 1570 1418 τεμένει
1593 1370 1617 1418 ἡ
1642 1373 1750 1418 Πηγή

305 1416 401 1456 ἔστιν
428 1415 613 1463 ἀφθόνων
639 1418 823 1464 ἰαμάτων,
855 1420 889 1454 in
916 1421 1040 1465 templo
1064 1419 1136 1464 ipso
1160 1431 1225 1454 non
1251 1420 1334 1454 adeo
1360 1421 1434 1454 fons
1453 1431 1550 1465 quam
1572 1419 1751 1453 miraculo-

307 1477 381 1501 rum
413 1466 556 1500 ubertim
584 1465 828 1499 decurrentium
853 1466 943 1499 latex
975 1465 1131 1507 emergit,
1163 1465 1211 1499 ait
1235 1465 1501 1500 Cantacuzenus.
1548 1465 1752 1500 Iustinianus

312 1510 398 1547 fonti
421 1510 578 1556 templum
604 1511 843 1556 superstruxit:
881 1507 949 1555 τὴν
975 1507 1157 1545 θεοτόκον
1193 1507 1323 1556 Πηγὴν
1347 1507 1604 1551 Ἰονστινιανὸς
1625 1507 1751 1553 ἔκτισε,

306 1557 455 1591 scribunt
477 1556 636 1600 Origines
661 1556 731 1590 ΟΡ.
763 1560 876 1591 exstat
897 1556 1005 1590 adhuc
1023 1556 1132 1598 locus,
1155 1555 1354 1590 Christianis
1375 1556 1564 1601 Turcisque
1586 1566 1751 1590 veneran-

304 1602 388 1643 dus,
419 1602 575 1646 quodque
590 1605 744 1646 superest
758 1602 914 1647 templum
930 1602 1020 1635 nulla
1034 1601 1130 1635 ruina
1144 1601 1334 1645 foedatum,
1365 1602 1564 1646 antiquitate
1590 1612 1655 1636 non
1680 1611 1751 1635 mo-

306 1647 384 1682 dice
402 1647 643 1690 venerandum,
659 1648 702 1681 ob
727 1648 870 1693 pretinm
887 1659 982 1682 omne
996 1650 1192 1693 superantes
1205 1658 1327 1692 aquas,
1351 1658 1371 1682 a
1394 1647 1492 1694 plebe
1513 1646 1755 1692 Χρυσοπηγῆς

308 1693 445 1738 accepit
459 1692 729 1738 appellationem.

422 1763 459 1802 p.
478 1753 555 1793 107
580 1763 616 1789 v.
634 1750 694 1792 14.
734 1751 780 1788 de
806 1751 944 1803 templo
962 1750 1247 1790 Blachernarum
1272 1764 1341 1790 suo
1371 1751 1452 1790 loco
1481 1751 1646 1790 diximus.
1675 1754 1755 1789 erat

309 1812 350 1846 et
378 1807 501 1859 ipsum
532 1812 635 1845 extra
668 1805 794 1845 urbem
820 1808 869 1846 ad
895 1809 998 1846 littus
1030 1809 1162 1857 maris,
1191 1809 1238 1846 de
1268 1820 1343 1858 quo
1373 1807 1489 1846 multa
1525 1807 1756 1859 Nicephorus

309 1863 391 1902 loco
423 1863 547 1901 citato.
576 1863 754 1914 principio
790 1864 929 1915 templa
961 1864 1190 1902 solummodo
1221 1869 1346 1910 erant3
1381 1877 1550 1903 successu
1581 1864 1757 1914 temporis

310 1924 544 1957 accesserunt
572 1918 866 1970 splendidissima
894 1920 1043 1972 palatia.
1077 1921 1262 1968 quomodo
1293 1924 1446 1971 excepta
1473 1920 1582 1958 fuerit
1607 1920 1654 1957 ab
1678 1918 1757 1956 An-

314 1975 467 2013 dronico
490 1975 629 2012 iuniore
648 1987 788 2027 sponso
807 1975 918 2014 Anna
944 1976 1138 2026 sabauda,
1165 1975 1267 2025 leges
1295 1977 1395 2026 apud
1426 1976 1626 2014 Cantacuz.
1648 1978 1667 2016 1
1691 1974 1757 2015 42.

406 2060 444 2102 P,
463 2051 527 2085 108
544 2061 577 2102 y.
599 2049 628 2083 1.
659 2047 742 2092 περὶ
765 2046 833 2093 τὴν
857 2045 1072 2094 ἀκρόπολιν]
1102 2050 1145 2083 ad
1175 2050 1265 2084 urbis
1287 2061 1359 2084 eum
1382 2050 1537 2095 angulum
1562 2050 1621 2094 qui
1647 2049 1759 2092 Chry-

316 2095 459 2139 sopolim
476 2094 632 2139 oppidum
651 2095 832 2128 Asiaticum
848 2106 890 2128 ex
913 2095 1052 2128 adverso
1076 2094 1229 2140 respicit,
1253 2095 1308 2130 ubi
1327 2095 1426 2130 hodie
1441 2095 1602 2141 principis
1623 2095 1761 2130 'furca--

317 2151 391 2176 tum
415 2139 524 2183 regia.
555 2139 673 2182 vulgus
700 2136 828 2183 κέρας,
857 2151 960 2174 cornu
986 2145 1099 2175 vocat.

406 2207 455 2243 ib.
479 2217 515 2241 v-
545 2206 580 2242 5.
613 2201 900 2250 α’ρχοντιαστῶν]
937 2206 1112 2251 legendum
1128 2206 1258 2241 omnino
1274 2203 1538 2252 ἀρχοντισσῶνι
1569 2203 1761 2252 &novum-

315 2250 405 2292 στάς
420 2251 506 2286 enim
521 2263 584 2285 nec
599 2261 677 2284 usus
693 2262 755 2284 nec
778 2252 886 2285 lexica
904 2263 966 2285 nec
992 2252 1176 2287 auctoritas
1201 2253 1309 2290 docet.
1338 2258 1391 2287 est
1414 2259 1525 2288 autem
1546 2249 1764 2299 ἀρχόντωσα

317 2298 475 2341 domina,
495 2297 630 2340 femina
651 2296 785 2330 nobilis.
832 2297 947 2330 Simon
974 2297 1110 2331 Portius
1140 2295 1380 2354 dpgdmmooe,
1407 2298 1604 2342 δέσποινα,
1632 2296 1764 2332 δεσπό-

316 2355 394 2386 τις,
434 2342 558 2385 κυρία.
595 2342 685 2375 inter
721 2342 919 2387 praecipuas
962 2343 1144 2377 huiusmodi
1182 2344 1416 2388 αρχοντίσσας
1455 2344 1631 2379 cedrenus
1660 2344 1763 2378 babet

317 2385 476 2432 ζωστάς,
501 2398 586 2432 quae
606 2386 821 2432 patriciorum
848 2388 980 2432 cingulo
1003 2393 1037 2422 et
1059 2389 1192 2423 honoris
1218 2390 1338 2433 insigni
1360 2393 1548 2424 uterentur.

409 2455 493 2490 ibid.
540 2451 741 2489 ὑποδοῦσιν
765 2450 881 2499 αὐτὴν
906 2451 953 2488 τὰ
978 2450 1134 2500 ἐρυθρά]
1170 2468 1235 2490 non
1261 2456 1366 2490 minus
1393 2456 1495 2502 capiti
1522 2466 1645 2490 corona
1665 2465 1762 2500 quam

315 2499 420 2535 rubra
454 2500 683 2535 calceamenta
714 2501 849 2533 fuerunt
880 2500 1020 2545 pedibus
1050 2501 1091 2534 im
1119 2506 1287 2535 erutorum
1311 2502 1466 2545 insignia.
1508 2501 1696 2545 Logotlleta
1722 2500 1764 2537 de

314 2546 442 2580 Ioanne
458 2546 636 2580 abdicante
659 2557 697 2579 se
721 2545 876 2589 imperim
907 2544 969 2579 καὶ
994 2542 1040 2580 τοὶ
1067 2559 1091 2591 μ
1113 2559 1134 2580 ν
1160 2542 1303 2590 ἐρυθροὶ
1327 2545 1456 2580 πέδιλα
1477 2543 1680 2592 «ἐπεβάλετο
1701 2543 1765 2579 καὶ

317 2587 388 2634 τὴν
417 2588 691 2635 περιμάργαρον
706 2590 915 2635 πυραμίδα,
942 2588 994 2630 εἰς
1017 2587 1065 2635 ἣν
1087 2590 1149 2626 καὶ
1177 2592 1283 2632 λίθος
1301 2589 1562 2637 &arenoldus-m
1584 2588 1764 2632 κόκκινος,

315 2631 345 2670 cic*
368 2633 535 2682 βασιλικοὶ
552 2634 727 2682 σύμβολα.
754 2647 774 2670 a
798 2636 933 2680 regibus
958 2637 1065 2670 Albae
1087 2643 1156 2671 tum
1183 2638 1226 2671 ad
1252 2649 1290 2672 se
1315 2638 1469 2677 deduxit,
1494 2644 1561 2671 tum
1586 2635 1628 2669 ad
1651 2641 1765 2680 poste-

317 2691 376 2715 ros
391 2681 608 2726 imperatores
630 2682 798 2715 Romanos
825 2681 1007 2716 calceorum
1033 2682 1120 2716 hunc
1144 2683 1288 2717 colorem
1307 2682 1491 2717 transmisit
1505 2681 1607 2716 Iulius
1624 2680 1764 2715 Caesar.

321 2726 388 2760 Dio
411 2726 434 2761 l.
456 2727 518 2761 43:
548 2727 593 2772 τῇ
616 2723 788 2762 ὑποδέσει
810 2727 856 2772 τῇ
879 2724 1006 2772 ὑψηλῇ
1027 2726 1089 2760 καὶ
1114 2723 1348 2773 ἕρυθροχρόῳ
1372 2724 1468 2762 κατὰ
1493 2723 1578 2766 τοὺς
1600 2723 1767 2771 βασιλέας

325 2767 413 2811 τοὺς
433 2768 473 2804 ἐν
488 2768 592 2817 ’Ἀλβῃ
617 2768 707 2806 ποτὲ
734 2769 967 2817 γενομένους,
993 2768 1040 2812 ὡς
1059 2771 1123 2806 καὶ
1146 2772 1339 2817 προσήκων
1370 2771 1470 2817 σφισὶ
1494 2768 1558 2806 διὰ
1582 2767 1649 2806 τὸν
1670 2767 1767 2804 '‘Iov-

326 2818 413 2863 λον,
437 2814 578 2863 ἐχρῆτο.
623 2817 815 2854 Ammianus
841 2817 962 2864 pedum
988 2818 1135 2863 tegmina
1158 2829 1328 2866 purpurea
1350 2823 1470 2860 vocat,
1492 2828 1579 2863 quae
1602 2827 1623 2852 a
1648 2816 1768 2851 comite
