1864 3164
316 142 413 188 282
531 143 804 188 GRETSERI
822 145 893 188 ET
914 143 1086 188 GOARI
1103 144 1545 198 COMMENTARIUS*

406 263 439 297 p.
454 250 500 287 46
538 263 571 288 v.
595 253 628 287 6.
651 252 733 297 σοῖς]
757 251 959 297 pronominis
980 249 1027 286 σύ
1039 251 1168 301 plurale
1183 254 1235 287 est
1248 249 1339 295 ἐσεῖς
1352 252 1386 288 in
1401 252 1510 301 primo
1525 264 1628 297 casn
1652 252 1687 289 in
1699 265 1758 289 rc·

315 296 412 342 liquis
434 297 501 338 σᾶς
526 302 561 332 et
583 293 667 338 ἑσόἷς
690 301 847 342 corrupte
869 298 1065 343 pronuntiat
1087 297 1246 333 Graecia.

408 363 454 398 ib.
480 376 515 400 v.
536 366 569 400 7.
594 362 701 409 θεός]
735 365 788 398 cui
810 366 913 400 verbo
937 365 1040 400 addes
1063 377 1106 400 ex
1127 365 1334 410 Horologio,
1357 361 1396 400 ut
1417 366 1463 401 sit
1497 365 1647 400 modulus
1668 365 1758 400 inte-

315 420 398 454 ger,
429 409 502 443 τῶν
533 407 702 453 πατέρων
725 407 828 455 ἡμῶν
849 407 868 445 ὁ
890 411 1007 445 ποιῶν
1025 407 1084 446 ἀεὶ
1107 406 1191 455 μεθ’
1217 409 1320 456 ἡμῶν
1341 408 1436 446 κατὰ
1461 407 1530 456 τὴν
1552 406 1620 455 σὴν
1649 406 1757 445 ἐπιεί-

315 466 441 498 κειαν,
469 451 518 500 μὴ
542 452 751 500 α’ποστήσῃς
775 453 817 490 τὸ
845 453 944 496 ἔλεός
967 467 1034 491 σου
1060 453 1124 500 ἀφ’
1146 453 1271 512 ἡμῶν,
1303 453 1396 491 ἀλλά
1430 459 1512 496 ταῖς
1535 453 1655 491 αὐτῶν
1683 453 1758 491 ἷκε-

313 499 408 540 σίαις
433 495 472 535 ἐν
498 498 625 546 εἰρήνῃ
660 498 887 547 κυβέρνησον
917 498 985 546 τὴν
1020 499 1116 546 ζωὴν
1145 502 1260 546 ημῶν.
1311 502 1612 548 polychronismum
1642 513 1758 536 mona-

314 546 448 625 clfigrpm
479 545 514 580 in
546 546 730 592 superioris
761 547 902 582 salutem
931 547 1084 583 emissum
1115 547 1252 593 require
1278 547 1316 583 in
1343 548 1490 583 Menaeo
1519 552 1613 582 retro
1634 547 1759 583 Nonae

312 603 332 625 o
375 602 471 625 clum.

426 651 471 688 ib.
500 662 535 689 v.
568 652 630 692 12.
681 651 1030 703 protapostolarius]
1068 652 1171 691 vides
1199 655 1238 689 et
1264 650 1324 689 hic
1350 662 1485 690 nomen
1513 650 1758 690 Graecanicae

314 706 536 757 ambitionis,
564 709 665 757 quod
695 708 792 746 inter
815 708 897 746 illos
927 709 989 758 qui
1015 708 1224 760 apostolum
1242 707 1397 746 Paulum
1415 707 1559 759 publice
1573 707 1759 759 legebant,

313 763 384 801 hoc
412 767 470 802 est
496 764 592 802 inter
619 765 887 816 apostolarios,
914 765 1110 803 voluerunt
1136 765 1272 803 habere
1300 764 1664 816 protapostolarimn.

408 840 456 876 ib.
479 850 515 873 v.
542 841 594 875 17.
619 837 643 884 ἡ
662 839 730 884 τῆς
755 840 980 884 λειτουργίας
1003 836 1093 884 ὥρα]
1129 851 1216 884 quae
1247 839 1310 874 hac
1334 839 1388 873 die
1409 840 1451 874 ab
1473 844 1550 874 orto
1573 839 1643 875 sole
1664 838 1759 874 deci-

315 896 369 918 ma
399 890 461 919 est.
507 885 555 919 ita
590 890 692 930 typus
723 885 874 920 hodierni
905 886 1010 920 officii
1040 886 1083 920 ad
1113 885 1236 919 Nonae
1271 885 1396 920 calcem
1426 885 1573 930 positum
1606 883 1690 929 περὶ
1714 880 1758 919 δὲ

317 927 417 972 ὥραν
442 928 600 975 δεκάτην
622 931 787 975 σημαίνει
811 927 853 965 τὸ
879 928 970 976 μέγα
996 935 1068 973 etc,
1101 931 1143 965 ad
1174 931 1326 976 synaxim
1356 930 1513 966 videlicet
1541 941 1759 976 vesperarum

314 976 518 1020 habendam3
552 977 673 1022 quibus
707 976 810 1011 finitis
837 977 999 1021 καθεξῆς
1030 974 1054 1022 ἡ
1077 976 1165 1011 θεία
1186 975 1390 1021 λειτουργία
1411 976 1479 1011 τοῦ
1501 974 1660 1022 μεγάλου
1685 977 1758 1010 Βα-

311 1021 457 1056 σιλειόυ.

403 1078 448 1111 ib.
476 1089 510 1112 v.
534 1079 592 1113 20.
626 1079 767 1114 sabbato
802 1079 856 1113 vel
877 1077 1040 1113 dominica
1062 1078 1219 1113 ieiunium
1245 1078 1388 1113 Graecis
1410 1078 1572 1113 illicitum.
1617 1089 1690 1112 eam
1712 1077 1757 1112 ob

310 1135 381 1157 rem
405 1123 435 1157 si
459 1124 620 1157 natalium
642 1125 771 1158 Christi
793 1124 911 1158 diebus
938 1124 1119 1158 huiusmodi
1144 1135 1215 1158 sors
1239 1125 1329 1158 serat
1353 1124 1516 1158 celebrari
1539 1123 1757 1169 pervigilium,

308 1175 345 1202 ut
368 1180 387 1203 a
412 1168 534 1202 ieiunio
561 1169 746 1211 abstinent,
769 1170 818 1204 ita
844 1170 974 1203 missam
998 1175 1159 1203 consueto
1182 1175 1350 1215 tempore,
1377 1170 1466 1214 quod
1488 1169 1556 1204 diei
1578 1169 1678 1203 tertia
1694 1173 1758 1211 est,

306 1219 494 1260 peragunt=
520 1214 548 1247 si
570 1214 654 1248 alias
677 1215 802 1249 incidat
823 1216 858 1248 in
883 1215 1003 1255 ferias,
1027 1226 1100 1249 cum
1126 1215 1257 1249 nonnisi
1281 1215 1401 1250 missae
1424 1215 1613 1261 praemissis
1635 1213 1757 1248 solem-

305 1259 402 1293 nibus
429 1260 481 1294 sas
504 1259 549 1293 sit
571 1260 703 1294 solvere
726 1260 900 1305 ieiunium,
934 1260 1016 1294 illud
1044 1272 1127 1294 vero
1151 1261 1193 1294 ad
1220 1272 1397 1306 vesperam
1421 1272 1526 1307 usque
1549 1260 1595 1294 sit
1621 1265 1758 1305 protra-

304 1306 470 1348 hendum,
503 1316 644 1349 vespere
675 1306 901 1348 solummodo,
934 1317 1000 1350 quo
1032 1306 1299 1350 vespertinarum
1332 1305 1463 1340 laudum
1486 1310 1618 1350 tempus
1641 1305 1756 1348 instat,

305 1351 403 1384 simul
425 1361 500 1383 cum
520 1350 603 1394 ipsis
627 1357 782 1384 cantatur
807 1351 922 1392 missa3
948 1362 1013 1395 qua
1036 1351 1129 1385 finita
1155 1351 1221 1384 cibi
1246 1351 1403 1397 capiendi
1416 1351 1458 1384 fit
1474 1355 1636 1396 potestas.
1671 1350 1756 1384 haec

306 1407 348 1430 ex
371 1396 436 1430 ritu
459 1394 558 1429 huius
580 1396 646 1430 diei
669 1397 703 1429 in
726 1397 873 1430 Menaeo
893 1396 1089 1441 reperiendo
1113 1396 1157 1431 ad
1181 1396 1278 1430 huius
1300 1396 1367 1430 loci
1387 1396 1641 1441 expositionem.

416 1480 453 1517 p.
475 1465 528 1507 47
547 1478 581 1503 v.
601 1466 640 1505 3.
669 1470 756 1517 post
783 1467 880 1503 hunc
906 1465 1057 1516 liturgia
1082 1465 1281 1516 perficitur]
1323 1465 1463 1503 habent
1490 1464 1589 1503 hunc
1617 1476 1756 1503 morem

303 1523 460 1571 Graeci,
497 1526 539 1559 ut
576 1522 616 1558 in
658 1522 938 1572 quadragesima
966 1522 1094 1559 diebus
1126 1522 1248 1559 ieiunii
1275 1526 1314 1559 et
1341 1522 1380 1559 in
1405 1521 1539 1572 vigiliis
1568 1521 1756 1571 liturgiam

302 1591 368 1616 seu
400 1579 549 1616 missam
576 1578 761 1615 celebrent
790 1592 813 1616 a
839 1578 1003 1627 meridie,
1029 1583 1067 1616 et
1090 1582 1133 1615 ut
1155 1578 1241 1615 hinc
1266 1581 1436 1628 apparet,
1463 1581 1754 1628 post-vesperas·

301 1636 340 1672 in
370 1635 551 1672 Paschate
578 1634 727 1684 liturgia
750 1635 793 1672 fit
821 1639 908 1672 ante
935 1634 1023 1671 solis
1053 1638 1231 1671 exortum.
1287 1634 1366 1671 aliis
1404 1633 1533 1670 diebus
1562 1633 1654 1671 hora
1679 1637 1739 1670 ter

303 1691 369 1741 tia,
399 1695 577 1740 tanquam
604 1695 792 1740 consueta,
821 1695 863 1727 ut
891 1691 1000 1728 docet
1028 1690 1178 1728 Gabriel
1206 1689 1536 1741 Philadelphiensis
1559 1690 1755 1741 episcopus

303 1747 342 1784 in
370 1761 438 1785 suo
468 1749 515 1784 de
543 1748 779 1784 sacramentis
806 1747 938 1785 libello.

397 1812 443 1846 ib.
469 1823 502 1846 v·
533 1812 586 1846 13.
621 1808 806 1856 ἀλλάσσει]
839 1823 905 1845 non
934 1816 1065 1854 mutat,
1105 1810 1164 1844 sed
1188 1810 1298 1856 potius
1319 1809 1455 1851 induit,
1490 1805 1533 1843 τὸ
1557 1803 1682 1843 ἐπάνω
1705 1807 1757 1841 ni-

306 1857 421 1891 mirum
447 1854 584 1901 ἕνδυμα
607 1863 674 1892 etc.
719 1858 763 1891 ad
787 1859 831 1893 28
852 1862 966 1891 notam
988 1857 1173 1902 superioris
1193 1855 1335 1901 capitis,
1358 1855 1463 1889 amice
1484 1854 1611 1896 lector,
1639 1864 1757 1888 recur-

306 1914 361 1935 ras
383 1913 518 1947 precor.

167 1959 193 1991 Ρ
219 1959 283 1994 197
416 1962 502 1999 ibid.
543 1959 718 2010 crinonia]
762 1960 832 1997 hoc
869 1960 1099 2011 imperatoris
1135 1964 1284 2009 tegmen
1319 1958 1464 1995 videtur
1493 1969 1517 1994 a
1544 1956 1666 2007 specie
1692 1955 1756 1993 lilii

303 2019 479 2055 crinoniae
502 2029 637 2055 nomen
666 2017 858 2065 invenisse,
887 2020 930 2052 ut
957 2019 996 2052 et
1018 2015 1109 2051 illud
1139 2013 1387 2064 tetraphyllum
1403 2026 1426 2051 a
1447 2016 1623 2062 quattuor
1644 2012 1754 2054 foliis.

300 2074 493 2122 utriusque
529 2073 692 2110 meminit
730 2072 979 2120 Glossarium,
1025 2071 1092 2107 sed
1125 2070 1234 2108 nudis
1262 2069 1424 2119 solisque
1451 2069 1571 2108 verbis
1603 2069 1752 2119 Codini,

301 2130 402 2168 nulla
429 2129 668 2180 explicatione
695 2128 870 2165 adhibita.

390 2203 588 2247 κρινωνίαν
611 2214 768 2237 coronam
789 2202 876 2236 liliis
897 2202 968 2235 sive
981 2201 1129 2236 flosculis
1144 2201 1179 2234 in
1195 2211 1315 2245 gyrum
1329 2201 1587 2246 germinantem.
1643 2199 1751 2234 Core-

299 2250 370 2285 sius
403 2250 437 2284 in
474 2249 658 2294 rescriptis.
717 2248 892 2281 Balsamon
922 2248 1084 2282 Meditato
1113 2247 1154 2281 de
1184 2246 1328 2280 incensis
1362 2250 1429 2281 etc.
1466 2246 1554 2281 luris
1577 2245 1687 2280 GR1.
1710 2246 1750 2281 72

298 2295 423 2340 κρίνας
444 2289 485 2329 ἐκ
511 2292 703 2338 κρινωνίας
724 2290 989 2338 συλλεγόμενος.

391 2352 475 2386 ibid.
501 2348 767 2394 τεπράφυλλον]
791 2349 951 2384 Ceresius
974 2350 1061 2384 idem
1082 2348 1182 2383 docet
1205 2348 1303 2383 aliam
1331 2359 1486 2383 coronam
1508 2358 1603 2390 esse,
1639 2358 1660 2381 e
1681 2357 1751 2391 qua

301 2402 462 2443 quattuor
485 2396 633 2439 flosculi,
666 2395 711 2430 ad
732 2395 877 2429 frontem
897 2395 1048 2429 nimirum
1071 2400 1107 2429 et
1130 2394 1276 2440 sinciput
1299 2406 1341 2430 ac
1364 2394 1407 2428 ad
1426 2398 1601 2438 utramque
1623 2403 1750 2435 aurem,

301 2444 456 2478 emicant.

410 2502 456 2540 ib.
480 2514 514 2539 v.
534 2502 600 2540 21.
628 2498 825 2548 flammula]
853 2497 984 2535 dicitur
1012 2494 1057 2537 vo*
1080 2499 1302 2549 flammulam
1329 2501 1369 2536 et
1395 2494 1443 2536 τὰ
1455 2496 1656 2549 flammula,
1683 2495 1749 2534 ali-

302 2559 452 2608 quando
480 2556 633 2607 simplici
661 2572 710 2607 μ,
737 2556 921 2592 interdum
950 2554 1146 2603 geminato.
1205 2555 1337 2593 dicitur
1360 2554 1471 2591 etiam
1492 2553 1648 2604 flamula
1668 2553 1748 2602 fla-

301 2616 432 2662 mulae,
461 2625 596 2664 genere
623 2612 808 2650 feminino.
863 2610 1040 2660 Vegetius
1069 2613 1093 2649 3
1125 2610 1170 2651 5:
1200 2611 1358 2661 aquilae,
1388 2609 1573 2655 dracones,
1602 2607 1747 2653 vexilla,

297 2671 525 2722 flaunmulae,
556 2667 655 2719 tusae
681 2681 741 2705 seu
771 2667 905 2717 tuphae.
962 2667 1092 2703 merito
1120 2670 1243 2703 autem
1262 2665 1497 2716 reprehendit
1509 2663 1658 2713 Lipsius
1677 2663 1699 2700 l.
1721 2661 1748 2702 4

305 2727 352 2762 de
383 2725 515 2763 Militia
542 2723 711 2762 Romana
737 2723 818 2760 illos
842 2722 903 2771 qui
931 2722 1032 2773 apud
1059 2721 1256 2772 Vegetium
1269 2722 1443 2773 flamulas
1461 2723 1607 2757 mutant
1626 2719 1663 2755 in
1682 2720 1748 2755 ssa-

306 2781 441 2820 meola:
472 2797 490 2819 o
515 2781 618 2831 male,
646 2781 780 2831 inquit,
806 2781 1014 2818 abstineant.
1070 2783 1108 2816 et
1134 2779 1264 2817 merito
1292 2780 1417 2816 monet
1446 2781 1487 2814 ut
1515 2775 1747 2820 abstineant3
1800 2813 1802 2815 ,
