1864 3164
567 150 630 194 IN
662 150 858 195 comm
884 151 997 195 GAP.
1025 151 1105 195 IV.
1475 149 1572 197 ‘241

119 258 260 312 pellant
275 256 549 312 κορυφᾶντιον
565 270 632 297 seu
659 255 939 313 κορυβοῖντιον.
968 269 1080 310 quam
1106 256 1212 298 facile
1240 257 1339 297 enim
1365 271 1410 298 ex
1430 261 1574 300 coi-bant

116 315 283 355 nascitm
296 315 465 354 turbant!

206 424 244 460 p.
259 413 306 448 22
326 423 360 447 v·
385 412 441 450 14.
467 412 680 457 φακεωλίὸα
697 413 869 460 explicant
889 412 1025 459 quidem
1039 411 1170 448 erudite
1185 411 1353 447 Meursius
1375 415 1412 447 et
1432 413 1573 459 pressim

117 456 192 493 eius
213 457 357 503 vestigia
378 463 515 493 secutus
538 459 746 501 Gretserus,
783 466 820 494 at
851 470 917 493 non
950 459 1070 493 lucide.
1119 459 1229 492 lumen
1253 469 1368 493 eorum
1391 458 1491 492 dictis
1512 460 1576 493 ad-

116 502 229 538 hibeo.
281 503 461 547 φακιωλὶς
494 505 666 548 (scribunt
695 505 753 539 alii
787 501 1012 549 φακεόλιον,
1043 501 1276 548 φακεώλιον,
1310 501 1508 548 φακιόλιον
1541 509 1578 539 et

117 546 338 594 φυκιάλιον)
367 549 481 583 taenia
498 554 568 583 ¹est
605 555 640 584 et
657 551 784 605 fascia
818 550 950 593 longior
984 561 1028 583 ex
1058 549 1126 583 lino
1149 550 1303 584 maxime.
1348 549 1520 584 Palladius
1542 551 1579 584 in

116 594 316 629 Lausiacim
339 591 407 628 οὐκ
428 591 575 639 ὀθόνην
597 591 771 639 ἔφορεσεν
793 590 897 634 ἐκτὸς
918 595 1138 639 φακιαλίου,
1167 595 1312 629 linteum
1335 596 1420 629 tulit
1443 597 1578 630 nullum

116 645 258 686 praeter
285 641 430 675 mantile
460 641 655 686 oblongius.
700 641 778 675 hinc
811 641 933 675 stolam
966 641 1140 675 candidam
1165 641 1254 674 eollo
1277 641 1487 675 sacerdotum
1511 641 1580 675 cir-

120 685 340 731 cumpositam
363 690 399 719 et
421 696 442 719 a
509 691 604 720 ctore
625 686 827 732 pendentem
851 687 970 731 (quam
993 697 1068 720 cum
1088 686 1200 732 pileo,
1225 697 1288 719 ceu
1310 687 1464 720 Batavus
1478 687 1580 721 theo-

119 729 231 775 logus,
257 730 432 765 confundit
492 731 638 776 eursius)
659 732 687 766 si
735 732 829 765 ificat
850 731 938 777 apud
953 732 1157 766 Germanum
1174 731 1206 765 in
1220 731 1438 776 mystagogia
1453 732 1579 777 (prave

120 775 208 810 dixit
228 775 319 810 idem¹
339 776 431 811 nist.
453 777 631 821 Eccles.)=
662 789 705 813 το
736 774 981 821 πετραχήλιόν
1012 773 1087 811 ἔστι
1117 774 1161 811 τὰ
1193 774 1401 820 φακεώλιον
1422 773 1507 821 μεθ’
1532 770 1578 812 οὗ

119 817 320 866 ἐπεφέρετο
347 818 368 856 ὁ
391 819 547 865 Χριστὸς
566 819 640 857 vind
663 822 732 857 τοῦ
756 820 950 867 ἀρχιερέως
972 818 1166 866 δεδεμένος
1193 821 1258 856 καὶ
1287 819 1488 866 συρόμενος
1518 819 1580 868 ἔμ-

119 868 298 911 προσθεν.
343 868 434 902 stola
458 868 682 903 sacerdotalis
704 869 814 902 lorum
837 873 887 902 est
910 868 1040 907 (funem
1058 868 1172 902 dicere
1193 868 1341 912 nequeo)
1365 875 1430 912 qim
1444 869 1580 902 vinctus

121 916 157 947 ct
178 913 218 946 in
239 913 418 947 anteriora
441 918 573 948 tractus
592 915 749 949 Christus
778 914 1023 948 deducebatur.
1069 913 1206 947 cidarim
1229 918 1339 946 tamen
1361 914 1436 947 sive
1457 914 1579 948 tiaram

47 957 50 958 ⁷
120 957 225 1002 capiti
250 957 464 1003 impositam,
498 959 528 993 si
551 959 595 993 ab
618 959 770 993 inferiori
792 964 890 1004 parte
913 959 1155 1004 circumcingat
1177 963 1212 992 et
1244 958 1418 999 involvat,
1452 959 1580 993 Turci-

120 1013 196 1037 cum
219 1003 343 1048 pileum
367 1004 473 1038 turim
495 1003 538 1038 de
561 1004 665 1049 vulgo
689 1004 814 1039 dictum
838 1005 1029 1050 componit3
1053 1015 1096 1038 ac
1118 1006 1302 1049 propterea
1325 1008 1464 1048 rogatus
1486 1015 1508 1038 a
1525 1016 1580 1038 me

120 1047 167 1082 dc
183 1048 381 1094 phaceolide
403 1049 564 1084 Coresius
589 1050 744 1084 chiensis
765 1050 965 1094 rescripsit:
988 1049 1168 1094 φακεωλίς
1189 1051 1284 1083 tiara
1307 1055 1359 1084 cst
1383 1054 1417 1084 et
1430 1051 1580 1084 militnm

117 1094 250 1139 pileus,
265 1095 422 1139 proprie,
444 1095 607 1139 inquam,
626 1096 752 1141 capitis
771 1095 983 1139 καλύπτρα,
1005 1097 1171 1130 Turcicac
1191 1096 1399 1139 persimilis,
1425 1107 1495 1140 qua
1518 1107 1582 1130 ca·

119 1143 186 1185 put
209 1140 303 1174 velut
323 1151 412 1174 zona
433 1141 490 1175 vel
512 1141 652 1186 cingulo
675 1142 968 1186 circumcingitur.
1015 1145 1139 1185 argute
1162 1140 1299 1175 militum
1330 1140 1469 1186 scripsit
1498 1152 1581 1186 pro-

121 1184 244 1238 prium.
289 1184 479 1220 Tul-carum
501 1197 621 1231 nempe
647 1197 804 1233 proceres
832 1186 998 1231 duplicem
1029 1186 1153 1221 habent
1187 1185 1333 1231 pileum,
1368 1186 1458 1220 hunc
1488 1187 1580 1232 paci,

122 1230 216 1264 inum
237 1230 375 1265 militiae
393 1231 661 1266 accommodum=
682 1232 741 1266 ille
763 1232 936 1277 angustior
949 1257 960 1273 ‚
982 1232 1083 1266 latior
1105 1236 1141 1266 et
1161 1241 1396 1276 nonnunquam
1421 1231 1495 1265 sine
1515 1231 1582 1277 pli-

123 1274 173 1309 cis
195 1275 252 1309 vel
274 1287 385 1321 panno
406 1277 583 1320 revoluto,
618 1277 726 1312 laevis
749 1282 785 1312 et
808 1287 1000 1323 expansus,
1035 1277 1093 1322 qui
1115 1287 1276 1322 nusquam
1300 1277 1482 1320 φακεωλίς
1512 1288 1574 1311 au-

121 1319 212 1363 diat;
236 1321 385 1356 strictior
408 1328 444 1356 et
465 1323 571 1366 multo
594 1323 729 1358 brevior
752 1323 826 1365 bic,
851 1328 888 1356 at
908 1333 1042 1366 semper
1058 1322 1094 1356 in
1116 1324 1229 1357 fasces
1250 1322 1451 1367 complicato
1474 1321 1580 1357 linteo

122 1369 227 1412 caput
246 1365 414 1402 involvit*
449 1379 492 1413 er
515 1367 593 1414 ’'quo
623 1368 705 1403 illud
728 1368 896 1403 Achmetis
922 1380 951 1404 c.
974 1369 1044 1402 226
1065 1379 1086 1402 a
1108 1367 1259 1402 Meursio
1282 1367 1425 1401 relatum
1447 1367 1498 1402 sic
1520 1379 1585 1402 ex-

121 1421 241 1457 pones.
287 1407 356 1446 ἐὰν
379 1412 444 1458 ἴδῃ
466 1425 522 1453 τις
543 1414 775 1457 φακεώλιον,
800 1410 945 1458 εὑρήσει
967 1410 1110 1458 ἀξίωμα
1133 1408 1375 1456 στρατηγικὸν
1397 1409 1581 1457 μέγιστον,

122 1453 316 1500 ἀναλόγως
336 1458 403 1491 τοῦ
424 1459 492 1502 τῆς
511 1454 553 1492 ἐκ
575 1459 717 1502 μήκους
737 1457 946 1498 κυκλώσεως
975 1459 1043 1492 τοῦ
1078 1457 1301 1501 φακεωλίου.
1348 1457 1506 1492 maiorem
1529 1458 1583 1492 ni-

123 1500 264 1544 mirum,
292 1513 359 1546 quo
390 1514 452 1548 pro
485 1504 678 1548 quantitate
698 1504 833 1548 longius
856 1505 946 1537 circa
968 1508 1073 1547 caput
1094 1502 1276 1546 φακεωλίς
1297 1502 1581 1538 circumducetur.

123 1546 233 1592 pileos
256 1550 292 1580 et
312 1547 486 1582 involucra
507 1548 669 1582 eiusmodi
691 1549 855 1594 capitibus
879 1559 1039 1593 equorum
1062 1559 1083 1580 a
1106 1547 1290 1582 victoribus
1322 1547 1488 1589 Francis,
1519 1560 1582 1583 ca·

124 1595 187 1636 pta
217 1590 336 1636 cpoli,
365 1592 521 1637 imposita
551 1593 658 1627 deflet
685 1594 830 1627 Nicetas
861 1594 952 1627 circa
976 1593 1102 1627 calcem
1126 1593 1306 1627 historiaez
1341 1589 1409 1632 τὰς
1446 1589 1582 1638 ἀγυιᾶς

125 1634 346 1682 περιῄεσαν,
374 1637 438 1671 καὶ
468 1635 535 1677 τὰς
565 1635 830 1678 ὀθονοσκεπεῐς
853 1638 1111 1681 περικρανίους
1132 1639 1344 1680 καλύπτρας
1365 1640 1448 1678 ταῖς
1468 1639 1580 1683 κορύ-

124 1692 217 1725 φαις
237 1682 312 1715 τῶν
332 1678 530 1727 ὀχημάτων
554 1681 827 1726 περιτιθέντες,
859 1684 924 1718 καὶ
955 1679 1002 1717 τοὶ
1034 1679 1130 1718 κατὰ
1152 1681 1273 1717 νώτου
1295 1681 1475 1727 κεχυμέναι
1498 1686 1581 1718 λευ-

124 1723 258 1761 κόλινα
278 1730 360 1767 ταῖς
385 1726 547 1769 ΐππείαις
568 1727 714 1773 γένυσιν
736 1725 859 1762 αὗτῶν
889 1725 1142 1771 περιδέοντες,
1172 1726 1264 1772 ἄλλῃ
1296 1730 1360 1762 καὶ
1392 1725 1485 1773 ἄλλη
1516 1730 1584 1773 τῆς

123 1768 265 1812 πόλεως
287 1768 541 1815 ἔξιππάζοντο.
589 1786 631 1808 ex
654 1786 741 1820 puro
769 1774 836 1808 lino
861 1786 926 1807 non
949 1774 1055 1808 fuisse
1077 1774 1315 1819 phaceolides‚
1339 1773 1398 1807 sed
1418 1785 1502 1808 auro
1527 1774 1582 1808 iu-

123 1820 224 1851 texto
244 1817 390 1859 ditatas.
426 1819 565 1853 coniicio
589 1831 630 1853 ex
653 1820 802 1854 eiusdem
824 1820 890 1853 loci
911 1821 1056 1854 lectione
1076 1820 1381 1854 Graecobarbara=
1417 1817 1464 1853 τοὶ
1494 1832 1582 1865 χρυ-

124 1858 321 1906 cosman«
343 1862 532 1908 σεντόνια,
564 1863 712 1910 σᾶβανα
734 1864 798 1898 καὶ
822 1863 1030 1909 προσώψια.
1076 1863 1293 1909 προσώψιον
1327 1865 1463 1899 linteum
1498 1876 1585 1910 qna-

126 1907 258 1942 dratum
284 1914 336 1943 est
356 1910 453 1943 ulnae
479 1921 552 1943 cum
575 1911 683 1944 media
706 1911 946 1954 longitudinis,
971 1922 992 1944 a
1018 1911 1211 1944 mulieribus
1234 1911 1360 1944 luctum
1383 1910 1585 1946 ducentibus

126 1953 231 1999 cupiti
253 1954 460 2000 impositum,
481 1961 563 1989 tunc
584 1962 776 1990 senatorum
801 1956 946 1990 humeris
967 1956 1187 2002 praecipuum
1209 1960 1452 1990 ornamentum.

239 2047 285 2085 ib.
304 2060 338 2085 v.
358 2049 421 2090 16.
465 2043 855 2101 ἆπρωτοασηκρῆτις]
905 2049 1076 2087 scribitur
1126 2049 1240 2086 etiam
1275 2047 1589 2102 πρωτοασηκρή-

127 2115 217 2152 της,
245 2101 600 2156 πρωτοσηκρήτης,
624 2110 663 2143 et
680 2110 786 2143 extra
808 2106 1111 2156 compositionem
1131 2101 1386 2157 οἷσηκρήτης,
1408 2102 1589 2157 α’σηκρῆ-

128 2171 202 2204 τις.
239 2170 374 2196 nomen
397 2172 442 2197 ex
466 2159 579 2198 Latio
610 2162 648 2198 in
677 2162 870 2199 Graeciam
902 2162 1144 2211 translatum,
1173 2162 1366 2211 dignitatis
1398 2161 1588 2211 palatinae

129 2212 260 2262 index,
295 2219 335 2251 et
366 2215 514 2262 quidem
547 2217 664 2254 multo
689 2218 836 2254 maioris
868 2229 978 2266 quam
1004 2218 1141 2256 habeat
1168 2218 1198 2254 is
1221 2230 1330 2266 quem
1350 2229 1418 2254 nos
1435 2220 1587 2267 primum

128 2272 349 2307 secretarium
374 2283 440 2307 seu
458 2272 615 2321 primum
633 2285 656 2310 a
674 2274 822 2310 secretis
842 2275 1083 2312 nominamus.
1111 2278 1170 2311 est
1190 2275 1287 2311 enim
1304 2274 1374 2310 iste
1389 2273 1528 2321 primus
1547 2273 1585 2309 in

128 2330 273 2363 secreto
302 2338 369 2362 seu
394 2331 527 2364 senatu
558 2326 759 2379 (σε’κρετον
787 2329 918 2366 Graeci
949 2330 1177 2380 appellant),
1204 2334 1283 2366 tam
1308 2332 1352 2365 ut
1383 2327 1503 2364 locum
1523 2328 1586 2364 ubi

129 2384 283 2417 senatus
311 2382 474 2432 cogitur,
503 2395 615 2431 quam
643 2388 686 2422 ut
717 2385 840 2436 ipsum
875 2391 1020 2423 coetum
1046 2399 1112 2422 seu
1146 2385 1337 2422 concilium
1373 2388 1586 2420 senatorum

129 2434 324 2485 significat.
354 2443 391 2475 et
414 2440 628 2490 σεκρετικοί
644 2445 734 2478 sunt
746 2445 970 2479 secretorum
984 2442 1162 2491 ministri,
1192 2441 1255 2489 qui
1275 2442 1491 2488 secretariis,
1516 2439 1588 2477 hoc
1610 2443 1640 2477 P
1664 2444 1729 2479 201

130 2497 191 2529 est
220 2493 474 2544 senatoribus,
498 2507 522 2531 a
550 2507 662 2532 manu
690 2501 815 2543 erant3
842 2499 991 2535 tametsi
1022 2497 1240 2534 secretarius
1271 2494 1423 2532 Graecis
1461 2495 1590 2541 itidem

131 2549 278 2598 saepius
298 2554 357 2587 est
377 2562 486 2599 quem
504 2549 630 2588 Latini
647 2551 718 2590 hoc
741 2554 887 2591 nomine
906 2555 1109 2601 denotant,
1135 2563 1270 2602 nempe
1290 2549 1432 2601 scriba,
1458 2555 1588 2589 actua-

92 2622 95 2624 ·
134 2605 221 2641 rius.
252 2604 388 2655 Evagr.
420 2606 442 2642 l.
463 2608 510 2645 2:
541 2602 693 2658 ἀνέγνω
715 2611 1016 2656 Κωνσταντῖνος
1050 2604 1298 2659 σεκρετοὶριος
1331 2603 1412 2645 eino*
1439 2606 1589 2658 χέδυυς.

133 2658 224 2697 illud
246 2661 503 2699 observatione
530 2662 684 2712 dignum
712 2673 791 2714 est,
819 2663 976 2703 Latinos
1008 2663 1233 2700 Graecorum
1264 2662 1468 2700 imitatione
1499 2663 1588 2701 scri—

133 2715 252 2765 psisse
270 2722 309 2754 et
341 2730 541 2768 usurpasse
561 2719 728 2758 voculam
746 2726 918 2768 ascereta,
948 2726 990 2759 ut
1017 2720 1140 2756 videre
1169 2722 1225 2756 est
1252 2717 1275 2755 l.
1305 2718 1331 2758 4
1359 2732 1388 2757 c.
1426 2721 1478 2759 19
1509 2720 1587 2756 eius

134 2772 256 2822 operis
276 2766 394 2823 qn0d²
410 2774 546 2812 Carolo
572 2773 714 2825 Magno
742 2789 936 2829 perperam
965 2775 1195 2822 attribuitur3
1231 2773 1294 2811 ubi
1325 2779 1383 2813 est
1407 2772 1587 2814 Leontius

189 2833 311 2868 Codin.
341 2834 541 2880 Curopalnt.
570 2834 614 2870 de
643 2837 741 2880 Offic,
1265 2832 1315 2871 16
