1820 3178
268 175 364 225 124
482 177 759 224 GRETSERI
779 177 853 220 ΕΤ
873 175 1049 221 GOARI
1066 173 1504 222 COMMENTARIUS

262 285 430 320 Allatiana
451 297 532 321 vero
556 286 733 322 sacellario
755 284 888 329 virilia,
913 284 1012 319 alteri
1028 285 1174 320 feminea
1187 283 1376 339 deputare3
1399 294 1491 338 quae
1510 282 1645 328 quidem
1664 282 1716 318 di-

261 343 362 367 versa
385 333 483 376 licet,
500 338 643 378 potuere
666 339 778 366 tamen
795 331 860 365 alio
877 336 912 365 et
926 331 993 366 alio
1008 331 1107 366 modo
1123 330 1228 366 variis
1240 309 1445 376 temporibus
1459 328 1604 374 disponi.

370 390 429 429 In
457 391 728 441 Turcograecia
769 390 941 428 subditur
985 390 1056 428 alia
1099 402 1208 442 cura,
1256 401 1390 440 nempe
1426 388 1632 440 supplicum
1676 391 1717 426 et

257 448 548 498 confugientium
582 449 631 485 ad
667 447 865 486 ecclesiam.
921 448 1063 486 interea
1092 459 1169 486 non
1205 446 1431 497 expungitur
1456 458 1545 483 cura
1567 445 1718 496 proprie

257 505 346 542 dicti
371 505 527 550 sacellii‚·
555 505 704 542 tametsi
730 505 854 542 nescio
881 517 992 555 quam
1022 517 1107 542 vere
1147 502 1420 553 Turcograecia
1463 501 1534 540 hoc
1582 514 1717 540 munus

257 561 405 598 sacellio
436 561 682 612 transcribat,
719 574 802 600 cum
827 561 964 598 ibidem
987 561 1099 612 paulo
1129 563 1217 612 post
1247 560 1346 597 idem
1389 571 1523 596 munus
1550 558 1717 608 assignet

258 618 493 668 protecdico,
513 632 607 665 2·ng
632 614 870 670 πρόσφυγας
893 613 1176 670 ἀναδέχεσθαι,
1205 616 1445 667 confugientes
1472 615 1521 654 ad
1537 615 1718 654 ecclesiam

258 677 427 725 recipere,
454 678 495 712 ut
514 675 781 726 interpretatur
810 674 1090 726 Turcograecus
1117 673 1284 712 Crusius.
1318 675 1405 710 utut
1433 671 1503 724 sit,
1533 667 1560 712 ἆ
1577 674 1717 712 σακελ-

258 731 347 770 λὶου
374 744 397 767 a
427 733 552 769 minori
576 731 703 769 sacello
724 733 928 783 pecuniario
956 745 1016 770 seu
1040 733 1177 770 aerario
1209 742 1346 768 nomen
1370 729 1502 779 habet,
1530 730 1575 765 ut
1604 731 1718 766 maior

258 787 468 826 sacellarius
487 801 511 826 a
530 790 662 826 maiore
678 788 827 838 sacello,
853 801 928 826 non
959 788 1126 835 aliunde3
1154 799 1275 838 neque
1298 785 1383 824 talis
1408 786 1619 824 nominatur
1646 785 1718 822 nisi

259 848 430 894 respectu
449 845 499 882 ad
516 857 640 882 curam
663 844 796 885 sacelli
851 857 964 895 quare
981 857 1057 882 non
1078 843 1170 882 satis
1194 856 1371 894 assequor
1392 843 1493 894 quod
1516 841 1717 879 Balsamon

257 898 446 938 affirmat'
438 914 476 938 111
499 901 637 939 Melete
658 915 726 939 sua
749 902 798 939 de
815 901 1100 972 chartophylace
1124 906 1164 939 et
1194 900 1427 952 protecdico:
1453 914 1498 939 το
1525 893 1716 938 coinel-lov

256 954 368 1009 παρὰ
398 956 611 1010 Ῥωμαίοις
635 955 738 998 εἶναι
773 956 883 1010 παροὶ
907 974 951 998 το
977 959 1144 998 διοικεῖν
1168 955 1238 997 καὶ
1264 954 1489 1008 φυλάττειν.
1521 958 1588 993 aut
1618 955 1716 992 enim

257 1013 421 1063 loquitur
441 1014 640 1052 Balsamon
659 1015 707 1052 de
724 1015 951 1054 derivatione
966 1015 1086 1062 vocis3
1110 1017 1150 1052 et
1169 1017 1259 1051 tunc
1284 1012 1486 1054 σακέλλιον
1501 1025 1577 1050 ιιοιι
1596 1012 1716 1062 magis

258 1074 318 1107 est
338 1085 446 1123 παρα
467 1068 510 1110 τὸ
529 1073 694 1111 διοικεῖν
718 1071 784 1111 καὶ
806 1069 1020 1122 φυλάττειν
1036 1083 1147 1122 quam
1165 1067 1274 1121 παροέ
1290 1067 1335 1110 τό
1363 1065 1524 1109 τύπτειν
1551 1067 1618 1110 καὶ
1641 1064 1716 1122 μά-

257 1131 414 1177 χεσθαι.
443 1132 509 1165 aut
536 1128 699 1178 loquitur
733 1129 781 1165 de
809 1126 1077 1179 significatione
1114 1139 1266 1174 vocum;
1304 1130 1343 1164 et
1369 1130 1459 1165 tunc
1493 1138 1620 1163 verum
1655 1129 1714 1163 est

253 1183 472 1234 praesectum
503 1185 645 1223 sacellio
668 1197 734 1222 seu
762 1186 982 1224 sacellarium
1020 1197 1103 1223 esse
1136 1156 1342 1235 διοικῆτὴν
1364 1182 1436 1222 οιαὶ
1464 1178 1646 1231 φύλακα,
1675 1187 1715 1219 et

256 1239 352 1277 hanc
376 1241 643 1290 praefecturam
676 1254 759 1279 esse
795 1235 984 1293 φυλακήν
1013 1240 1225 1280 custodiam.-
1265 1241 1334 1278 sed
1357 1252 1434 1277 non
1470 1239 1555 1277 ideo
1594 1239 1714 1277 omnis

255 1299 388 1344 φύλαξ
413 1301 471 1334 est
500 1298 729 1346 sacellarius,
755 1310 824 1337 nec
860 1299 979 1336 omnis
1009 1295 1169 1349 φυλακὴ
1201 1297 1359 1335 custodia
1387 1296 1532 1344 sacelli,
1553 1296 1622 1333 sed
1653 1294 1714 1332 ille

253 1356 400 1391 tantum
420 1349 551 1404 φύλαξ
570 1359 628 1392 est
646 1354 875 1407 sacellarius,
899 1356 957 1392 cui
980 1354 1111 1393 sacella
1135 1353 1276 1394 credita
1304 1357 1384 1402 est,
1409 1355 1448 1390 et
1476 1352 1539 1390 illa
1567 1356 1714 1390 tantum
1773 1353 1775 1355 ’

250 1410 412 1448 custodia
429 1410 598 1460 sacellae,
630 1424 725 1462 quae
742 1411 838 1450 circa
865 1411 1036 1450 sacellam
1066 1413 1279 1461 occupatur.
1336 1408 1498 1459 alioquin
1530 1408 1563 1446 si
1594 1409 1713 1446 omnis

250 1465 389 1516 phylax
411 1471 512 1504 esset
533 1468 764 1516 sacellarius,
789 1469 901 1507 etiam
924 1468 1103 1519 opiliones
1126 1471 1165 1504 et
1189 1465 1344 1517 caprarii
1372 1469 1498 1503 essent
1521 1465 1714 1515 sacellarii,

251 1523 338 1572 quia
355 1527 445 1560 sunt
471 1519 671 1574 φύλακες,
697 1525 878 1574 custodes,
908 1528 952 1563 ut
971 1524 1060 1562 alias
1084 1523 1334 1562 absurditates
1366 1526 1519 1560 taceam.
1577 1522 1713 1571 quodsi

250 1579 341 1628 quid
361 1580 462 1617 aliud
481 1581 619 1619 sacellii
635 1594 772 1618 nomen
789 1554 972 1632 obtinuit,
996 1581 1075 1618 eius
1092 1583 1300 1619 curatorem
1323 1592 1391 1617 seu
1417 1580 1610 1619 custodem
1637 1592 1713 1630 quo

249 1636 371 1674 minus
391 1637 616 1676 sacellarium
634 1638 692 1675 vel
721 1638 902 1677 sacellium
927 1637 1092 1689 appelles
1136 1649 1213 1675 non
1248 1636 1415 1688 impedit.
1470 1634 1500 1688 ἦ
1522 1650 1617 1683 τους
1637 1651 1711 1675 κα·-

248 1690 447 1745 κούργους
473 1691 517 1734 δὲ
554 1691 808 1744 φυλάττουσα
835 1710 1097 1761 πατριαρχικη
1128 1691 1294 1745 σακὲλλη
1323 1692 1514 1734 ἐντεῦθεν
1540 1690 1608 1733 καὶ
1634 1687 1713 1734 ov’n

247 1746 424 1789 ἂλλοθεν
457 1746 774 1802 μετωνόμασται,
813 1748 944 1803 ὥσπερ
978 1750 1028 1802 δὴ
1063 1749 1132 1791 καὶ
1162 1765 1207 1791 το
1242 1745 1467 1790 σακούλιον.

342 1826 377 1860 p.
402 1815 425 1849 4
447 1826 483 1850 v.
498 1815 532 1849 9.
566 1812 727 1860 σακέλιν]
766 1817 822 1850 vel
851 1820 890 1850 ut
913 1816 1031 1851 scribit
1054 1816 1229 1850 Balsamon
1253 1811 1457 1858 σακέλλην,
1483 1813 1711 1868 patr-:archa-

248 1860 316 1893 lem
340 1872 533 1904 carcerem,
564 1861 598 1894 in
621 1872 688 1907 quo
711 1862 862 1898 nimirum
887 1862 1030 1897 clericos
1054 1861 1119 1896 sibi
1151 1861 1342 1903 subiectos,
1374 1859 1405 1895 si
1432 1863 1549 1895 sontes
1573 1859 1711 1904 fuerint,

246 1905 440 1951 patriarcha
462 1910 608 1947 coartat,

361 1965 438 2002 Sed
486 1978 555 2004 nec
597 1978 620 2003 a
666 1966 835 2004 custodia
878 1979 947 2005 nec
998 1969 1154 2017 propter
1195 1964 1403 2005 custodiam
1445 1964 1708 2015 patriarchicus

248 2033 373 2058 carcer
407 2021 529 2059 dictus
557 2026 617 2060 est
648 2023 800 2071 sacella,
829 2024 897 2060 sed
933 2023 1042 2061 aliam
1079 2022 1127 2060 ob
1162 2035 1335 2072 causam,
1373 2034 1613 2072 quaecunque
1645 2021 1709 2060 illa

247 2077 380 2114 fu‘erit:
426 2077 562 2128 alioqui
611 2079 729 2116 omnis
765 2092 906 2130 carcer,
949 2084 1133 2130 quatenus
1173 2079 1343 2118 custodia
1392 2082 1471 2128 est,
1513 2082 1708 2116 vocaretur

247 2134 402 2179 sac-ella,-
424 2136 524 2185 quod
554 2147 630 2172 non
655 2139 714 2174 est
741 2135 814 2183 ita;
847 2137 943 2173 sicut
974 2141 1014 2174 et
1043 2137 1145 2188 apud
1166 2136 1374 2173 Germanos
1390 2147 1468 2173 non
1480 2148 1608 2173 omnes
1628 2148 1707 2173 car-

246 2202 349 2228 ceres
367 2191 434 2228 sed
451 2192 542 2229 certi
560 2192 709 2242 quidam
724 2197 903 2231 vocantur
929 2195 1046 2241 sacci,
1072 2193 1179 2241 sack,
1201 2205 1278 2230 non
1302 2192 1350 2230 ob
1370 2192 1575 2231 custodiam
1599 2205 1708 2243 prae·
1766 2210 1781 2239 s

245 2247 343 2297 eise,
371 2247 458 2297 quia
488 2248 623 2299 alioqui
654 2262 780 2286 omnes
811 2261 973 2287 carceres
1011 2249 1286 2300 appellarentur
1320 2251 1437 2298 sacci,
1468 2249 1555 2299 quia
1578 2261 1706 2286 omnes

245 2309 337 2342 sunt
355 2305 559 2355 custodiae,
579 2306 648 2343 sed
669 2305 758 2342 alias
785 2306 833 2344 ob
854 2319 998 2356 causas,
1019 2319 1110 2356 quas
1129 2306 1286 2344 nominis
1302 2305 1496 2356 impositor
1512 2306 1706 2356 spectavit.

246 2362 371 2410 quoad
389 2374 592 2413 carcerem,
616 2363 765 2400 sacellac
795 2375 930 2400 nomen
955 2363 1122 2400 tulerunt
1144 2362 1327 2412 virginum
1350 2362 1594 2412 monasteria,
1622 2375 1706 2399 cum

243 2418 321 2454 sint
341 2418 447 2468 quasi
468 2419 617 2469 quidam
635 2432 817 2469 carceres,
844 2420 931 2470 quia
947 2419 1036 2456 nulli
1054 2419 1181 2470 egredi
1204 2420 1290 2457 licet
1313 2419 1383 2456 nisi
1406 2419 1623 2470 gravissima
1643 2432 1705 2455 ur·-

243 2478 359 2523 gente
375 2488 508 2527 causa,
529 2489 598 2514 nec
614 2476 694 2514 sine
712 2476 870 2514 honesto
890 2476 1086 2526 comitatu,
1110 2476 1173 2527 qui
1202 2477 1342 2514 ducant
1369 2480 1408 2513 et
1437 2476 1635 2524 reducant,
1661 2478 1705 2512 ut

243 2531 470 2582 praecipitur
507 2532 547 2570 in
573 2533 628 2575 46
661 2545 802 2571 canone
829 2532 1022 2570 Trullano.
1077 2536 1118 2570 et
1146 2533 1220 2570 huc
1248 2536 1421 2583 spectant
1445 2531 1508 2569 illa
1540 2544 1634 2582 quae
1664 2531 1703 2568 in

244 2586 282 2623 Τ
285 2589 518 2638 nrcograecia
539 2603 575 2640 p.
605 2591 687 2632 203
705 2603 750 2628 ex
771 2589 994 2639 Augustano
1021 2602 1078 2626 ms
1108 2589 1343 2639 Pachymeris
1367 2589 1493 2627 codice
1519 2590 1703 2625 annotan-

242 2647 322 2680 tur·
351 2646 468 2692 οὑτος
498 2643 539 2698 (ὅ
557 2644 679 2699 μέγας
695 2643 967 2698 σακελλαριος)
985 2644 1163 2698 ἐπιτηρεῖ
1174 2661 1244 2694 τας
1263 2643 1371 2698 ἱερας
1389 2644 1599 2692 σακέλλας,
1629 2644 1703 2695 δη-

241 2695 372 2739 λονότι
395 2699 443 2740 τοὶ
475 2707 683 2754 γυναικεῖα
721 2699 977 2755 μοναστήρια.
1043 2702 1075 2739 si
1111 2703 1192 2752 quis
1228 2702 1277 2739 ob
1312 2701 1520 2739 huiusmodi
1550 2700 1703 2738 sacellus

243 2767 370 2794 earum
393 2762 601 2797 curatorem
617 2760 707 2797 velit
724 2772 872 2811 quoque
896 2757 1072 2796 sacellarii
1098 2759 1410 2796 nomenclaturam
1442 2757 1593 2808 tulisse,
1620 2769 1703 2794 cum

244 2812 317 2851 hoe
341 2828 416 2853 non
435 2816 635 2868 pugnabo,
651 2818 852 2856 dummodo
872 2827 947 2854 non
968 2815 1108 2854 abnuat
1130 2815 1356 2854 sacellarium
1385 2814 1557 2866 primario
1586 2813 1703 2852 nomi-
