1864 3164
282 163 379 208 434

325 267 505 303 Pulcheria
538 268 669 314 virgine
708 269 922 314 imperatrice
954 269 987 304 in

325 314 522 349 Blachernis
545 315 702 349 conditae
724 321 803 349 sunt
823 316 903 350 341.

282 373 343 396 vas
367 365 571 395 mortuorum
603 361 736 395 ossibus
771 361 986 406 pulveribus-

326 417 393 452 que
435 406 566 452 plenum
608 413 766 440 coronato
798 407 877 451 imp.
914 418 988 441 cum

325 457 448 497 stuppa
475 463 617 486 accensa
640 452 797 486 obiicitur
812 453 891 488 368.
907 453 986 488 369.

325 508 388 532 vas
414 497 576 532 vinarium
604 499 700 532 butta
724 498 802 533 245.
835 509 897 532 vas
927 510 988 533 au-

325 554 420 577 reum
442 555 502 578 seu
532 548 729 588 argenteum
753 544 787 578 in
810 555 925 578 mensa
945 545 988 579 ab

325 589 406 634 imp.
451 590 564 623 datum
611 600 750 634 magnus
788 589 988 624 domesticus

326 635 452 669 retinet
475 636 542 677 62,
569 636 610 669 17
625 656 671 662 --
685 637 743 671 20.
768 646 851 669 vasa
873 646 989 678 aurea,

325 680 447 724 quibus
475 680 685 714 ministratur
728 680 921 727 imperatori
954 682 990 715 in

324 725 456 760 nativit.
479 726 656 760 accubanti
673 727 752 762 301.
775 738 855 761 vasa
879 728 990 762 eccle-

327 772 400 806 siae
432 777 530 806 curat
563 783 606 806 m.
641 773 872 818 sceuophylax
912 774 991 810 130.

329 828 443 852 eorum
467 821 605 851 ornatus
629 819 707 853 161.

283 863 361 898 vela
394 867 430 897 et
461 863 603 897 cancelli
633 864 851 899 secludcbant
883 865 990 910 magi-

329 913 455 942 stratus
480 908 557 944 134.

282 954 402 989 velarii
426 958 462 988 et
490 954 680 988 cancellarii
714 955 822 990 locum
847 956 989 991 iudicio·

326 1011 399 1034 rum
426 1001 661 1034 custodiebant
685 1001 762 1036 134.

280 1046 482 1090 velothyra,
516 1046 625 1079 velum
660 1046 780 1083 ianuae
818 1051 854 1082 et
881 1047 989 1082 velum

326 1092 401 1125 loco
426 1092 545 1125 ianuae
568 1093 647 1128 288.

281 1137 391 1172 velum
415 1137 539 1183 duplex
562 1149 696 1183 semper
725 1138 804 1183 imp.
833 1139 990 1183 praefer·

327 1187 382 1216 tur
414 1184 480 1226 39,
519 1185 569 1221 19.
607 1188 642 1218 et
672 1183 715 1217 ad
749 1184 948 1219 monasteria
971 1195 992 1218 a

327 1234 453 1272 tzanga
477 1231 542 1270 82,
569 1231 624 1265 12.
651 1230 761 1264 velum
785 1242 851 1275 quo
873 1234 991 1265 sancta

328 1280 490 1317 teguntur
511 1277 590 1309 221.

281 1324 480 1355 venatorum
505 1320 649 1366 primus,
680 1320 773 1356 offic.
802 1320 846 1355 41
885 1320 990 1366 palat.

328 1368 392 1406 10,
415 1366 475 1400 21.
507 1366 695 1410 gestamina
727 1367 791 1409 24,
827 1368 861 1402 9.
896 1370 991 1400 tenet

327 1410 503 1456 stapedem
533 1411 612 1457 imp.
650 1412 717 1454 39,
749 1413 782 1447 9.
815 1411 895 1457 imp.
927 1423 990 1445 ve-

326 1460 398 1490 stes
419 1456 583 1501 sanguine
603 1467 758 1501 aspersas
789 1456 854 1491 sibi
878 1457 991 1491 vindi-

328 1507 385 1536 cat
407 1503 490 1536 ibid.
528 1503 582 1537 13.
606 1507 744 1548 praeest
773 1503 991 1537 venatoribus

327 1549 410 1582 ibid.
430 1550 484 1584 11.
501 1553 680 1583 venatores
698 1548 879 1583 Pardorum
897 1549 992 1594 equis

327 1594 485 1639 palatium
510 1594 742 1638 ingrediuntur
765 1597 853 1638 108,
879 1596 933 1629 11.

282 1639 406 1673 Veneti
439 1639 552 1673 divino
591 1639 724 1674 nativit.
762 1640 854 1676 offic.
884 1640 992 1674 inter-

327 1690 405 1719 sunt
437 1686 502 1727 57,
537 1687 570 1720 7.
606 1686 841 1731 oppugnandis
871 1698 991 1720 conce-

329 1731 454 1764 duntur
485 1731 635 1765 indutiae
670 1743 691 1766 a
723 1731 890 1766 Michaele
925 1733 994 1766 Pa-

327 1777 431 1810 laeol.
453 1778 519 1818 75,
551 1779 594 1812 18
617 1789 688 1823 sqq.
722 1789 788 1811 non
820 1778 991 1823 praescri-

329 1822 422 1855 bitur
452 1822 516 1856 illis
548 1823 666 1857 modus
699 1823 886 1857 honorandi
915 1824 992 1868 imp.

327 1869 411 1903 ibid.
437 1869 493 1902 21.
519 1879 632 1903 eorum
658 1869 791 1913 legatus
818 1881 884 1903 non
901 1869 994 1903 venit

328 1913 373 1947 ad
389 1914 537 1947 osculum
566 1925 676 1959 neque
703 1914 747 1948 ad
770 1916 915 1949 faustam
931 1926 994 1960 ap-

328 1959 582 2004 precationem,
623 1961 683 1995 sed
717 1966 848 1995 tantum
885 1960 993 1994 flectit

329 2015 441 2047 genua
474 2006 539 2047 76,
574 2007 605 2041 1.
638 2007 673 2040 2.
704 2018 814 2051 neque
845 2006 992 2040 triremis

327 2049 523 2094 imperatori
547 2051 710 2086 acclamat
729 2053 813 2086 ibid.
836 2052 993 2085 dicuntur

331 2094 456 2128 Franci
482 2106 554 2129 cum
589 2097 826 2131 Genuensibus
848 2098 931 2131 ibid.
956 2098 990 2131 7.

284 2150 446 2184 vesperas
470 2144 505 2173 et
528 2141 681 2185 liturgias
706 2142 800 2175 audit
831 2141 866 2175 in
889 2140 992 2175 variis

330 2185 464 2230 templis
485 2186 564 2231 imp.
587 2188 652 2228 80,
676 2189 728 2221 11.
757 2188 810 2221 13.

284 2236 398 2265 vestes
423 2231 661 2285 patriarchales
684 2236 781 2265 curat
797 2230 992 2265 canstrisius

331 2281 368 2310 et
400 2277 649 2311 hieromnemon
681 2278 758 2312 137.
791 2289 850 2311 eas
885 2282 992 2311 mutat

329 2322 524 2366 patriarcha
553 2323 638 2357 seria
670 2323 787 2368 quinta
816 2323 881 2367 τῆς
910 2323 992 2356 δια-

329 2369 551 2412 καινησίμου
591 2369 708 2403 visens
747 2369 827 2414 imp.
859 2371 923 2410 77,
955 2368 989 2405 6.

329 2412 371 2446 iis
395 2414 562 2448 mutandis
585 2414 706 2450 adsunt
739 2413 935 2448 canstrisius
957 2419 994 2447 et

330 2457 575 2494 hieromnemon
611 2462 689 2496 137.
729 2464 843 2495 vestes
877 2471 993 2493 sacrae

330 2505 566 2549 patriarchae,
601 2505 751 2551 episcopi
761 2531 772 2548 ,
794 2505 992 2549 sacerdotis,

330 2549 484 2594 diaconi,
509 2562 691 2597 earumque
720 2553 844 2591 forma,
867 2555 992 2595 myste-

331 2595 382 2628 ria
407 2596 472 2631 140
493 2609 566 2643 sqq.
594 2597 629 2631 in
663 2597 753 2641 vigil.
785 2597 916 2633 nativit.
938 2595 994 2638 44,

333 2643 367 2675 6.
392 2641 426 2675 in
452 2643 539 2677 sesto
571 2643 783 2677 exaltationis
815 2654 860 2677 ss.
885 2642 994 2677 crucis

332 2687 398 2729 65,
431 2688 473 2723 15
498 2700 569 2734 sqq.
593 2689 627 2722 in
659 2689 915 2733 quadragesima
938 2688 995 2731 66,

329 2733 377 2768 22
399 2743 468 2777 sqq.
502 2734 607 2767 vestis
631 2734 843 2778 patriarchae
861 2739 894 2769 et
911 2734 991 2779 imp.

330 2779 511 2812 communis
532 2787 583 2813 est
608 2780 770 2823 mandyas
789 2781 866 2816 379.
895 2791 993 2826 quem

330 2822 429 2858 etiam
453 2835 589 2860 aureum
613 2826 824 2861 coronandus
843 2826 921 2873 imp.
936 2837 994 2861 su-

873 163 1149 207 GRETSERI

1077 281 1140 317 per
1150 272 1266 306 vestes
1280 274 1493 307 consecratas
1506 272 1740 308 benedictione

1078 317 1501 400 tfflz‘gzss’s’flzffsffleffgoet
1527 325 1740 409 :tssffimss‘

1078 408 1113 442 in
1136 389 1252 453 vigilii}
1277 408 1410 443 nativit.
1434 410 1499 452 50,
1534 411 1580 446 19
1598 420 1676 455 sqq.
1704 415 1740 444 et

1077 454 1152 500 ipsa
1185 454 1363 489 nativitate
1392 454 1457 497 59,
1489 455 1524 491 7.
1555 454 1590 489 in
1621 456 1739 501 palmis

1079 503 1145 541 67,
1173 501 1224 535 16.
1251 499 1336 534 feria
1358 500 1475 545 quinta
1496 511 1637 545 magnae
1655 501 1739 535 heb-

1077 545 1223 580 domadis
1245 548 1303 588 71,
1323 546 1355 580 8.
1381 556 1565 591 parasceue
1585 548 1652 589 72,
1684 549 1741 582 18.

1078 592 1239 637 paschate
1270 592 1334 632 73,
1366 590 1400 628 9.
1442 597 1640 638 pentecoste
1682 593 1740 636 77,

1078 639 1136 674 20.
1160 637 1194 671 in
1221 636 1440 671 coronatione
1467 639 1532 681 89,
1563 639 1599 673 5.
1623 638 1658 674 6.
1683 649 1741 672 re-

1079 683 1287 717 nuntiatione
1320 682 1531 728 patriarchae
1565 685 1653 728 102,
1682 684 1739 719 20.

1078 729 1112 762 in
1134 729 1226 763 luctu
1249 730 1315 773 69,
1341 729 1396 764 12.
1419 729 1495 764 106.
1527 732 1563 763 et
1591 728 1738 775 impera-

1077 774 1173 809 tricis
1210 773 1333 808 viduae
1365 773 1400 808 in
1427 773 1645 809 coronatione
1681 776 1740 817 91,

1082 822 1139 856 18.
1161 826 1274 855 vestes
1297 823 1404 854 mutat
1432 819 1513 866 imp.
1543 819 1577 854 in
1607 820 1742 856 nativit.

1081 865 1147 907 47,
1170 867 1224 901 13.
1248 867 1315 905 51,
1338 867 1395 902 20.
1420 876 1482 911 per
1497 869 1630 908 vestes,
1653 877 1742 911 quae

1081 923 1205 956 corpus
1243 910 1472 956 contexerint,
1517 911 1741 946 sanctificatio

1080 957 1244 1003 accipitur
1266 958 1346 992 365.
1363 961 1476 991 vestes
1490 968 1666 1002 procerum
1688 958 1741 999 13,

1079 1005 1102 1039 5
1123 1015 1195 1047 sqq.
1218 1003 1252 1036 in
1275 1002 1407 1037 nativit.
1424 1003 1481 1044 47,
1498 1005 1552 1038 12.
1577 1002 1740 1048 quaedam

1081 1061 1102 1083 a
1126 1047 1234 1083 Medis
1256 1052 1293 1082 et
1320 1047 1435 1083 Persis
1453 1051 1616 1094 acceptae
1638 1049 1695 1091 54,
1721 1051 1739 1083 1

1080 1106 1156 1140 sqq.
1186 1093 1318 1140 quinam
1349 1098 1384 1128 et
1414 1104 1480 1138 quo
1514 1093 1630 1128 habitu
1661 1105 1741 1140 pre-

1081 1145 1200 1175 centur
1223 1138 1397 1174 accubanti
1418 1139 1495 1183 imp.
1509 1141 1575 1182 55,
1600 1142 1643 1176 10
1663 1151 1739 1194 sqq.

1079 1186 1115 1220 in
1146 1185 1415 1220 circumstatione
1445 1186 1510 1227 59,
1543 1185 1565 1220 4
1579 1205 1624 1211 —
1640 1186 1673 1221 9.
1707 1197 1742 1220 ιιι

1106 1232 1198 1266 almis
1220 1233 1288 1274 67,
1315 1233 1370 1266 17.
1398 1232 1450 1266 18.
1489 1235 1602 1264 vestes
1624 1231 1742 1276 singu-

1093 1288 1170 1311 ares
1198 1277 1290 1310 loan.
1325 1276 1438 1322 nepoti
1461 1277 1740 1322 panhyperseba-

1079 1328 1133 1357 sto
1167 1321 1334 1356 concessit
1363 1321 1571 1356 Andronicus
1604 1323 1682 1358 177.
1706 1327 1742 1356 et

1081 1369 1340 1403 Cantacuzenus
1361 1366 1494 1401 Asaniis
1517 1368 1581 1409 15,
1610 1368 1633 1403 7
1648 1388 1693 1395 —-
1706 1369 1741 1402 9.

1035 1413 1231 1448 vestiarium
1246 1413 1370 1447 dictum
1385 1411 1623 1446 allaximarium
1647 1413 1742 1458 quasi

1081 1458 1292 1494 mutatorium
1323 1458 1402 1493 253.
1436 1457 1516 1493 254.
1550 1457 1616 1492 duo
1647 1464 1743 1492 erant

1080 1504 1244 1540 vestiaria
1275 1503 1358 1538 ibid.
1401 1503 1481 1539 246.
1520 1503 1602 1538 inibi
1634 1503 1741 1538 calcei

1080 1548 1740 1641 {51¹⁹9⁸33&sttixsstss‘sszzgffzti

1134 1622 1145 1639 ,
1272 1620 1282 1630 .

1080 1647 1267 1687 sumptum,
1297 1652 1364 1675 non
1395 1645 1508 1675 tamen
1541 1651 1602 1686 pro
1633 1641 1741 1675 vesti-

1080 1689 1160 1722 bulo
1185 1691 1303 1721 contra
1326 1686 1455 1720 Iunium
1477 1686 1561 1723 246.
1623 1680 1631 1700 ’

1037 1733 1235 1775 vestiarius,
1273 1733 1364 1767 offic.
1395 1733 1438 1767 61
1472 1732 1576 1777 palat.
1602 1733 1663 1774 11,
1685 1733 1741 1770 20.

1081 1779 1221 1823 insignia
1243 1779 1306 1820 26,
1339 1779 1394 1814 15.
1416 1777 1568 1823 sequitur
1597 1777 1744 1823 impera-

1081 1825 1202 1860 toriam
1225 1824 1392 1858 triremem
1407 1827 1443 1858 et
1457 1827 1591 1869 praeest
1604 1823 1743 1864 triremi,

1106 1882 1167 1904 uae
1191 1869 1402 1916 imperatoris
1432 1869 1625 1903 vestiarium
1647 1868 1743 1903 vehit

1106 1920 1142 1958 1,
1176 1918 1221 1951 22
1244 1927 1314 1961 sqq.
1351 1914 1502 1949 vestiarii
1535 1914 1681 1960 dignitas
1705 1913 1739 1948 in

1081 1962 1225 1996 ecclesia
1251 1962 1401 1997 Romana
1424 1962 1501 1996 136.

1035 2008 1237 2042 vestibulum
1261 2006 1460 2051 quadratum
1490 2015 1550 2039 seu
1574 2007 1740 2050 tetrasty-

1080 2053 1147 2086 lum
1177 2054 1236 2093 15,
1262 2053 1317 2085 16.
1347 2053 1400 2104 18.
1430 2050 1511 2084 novi
1536 2049 1742 2104 imp..dona-

1079 2095 1743 2184 {tisifffizttz'205213333231*sit

1035 2188 1159 2222 vexilla
1180 2198 1240 2221 seu
1266 2186 1433 2220 flammula
1461 2186 1678 2232 imperatoria
1708 2190 1744 2221 et

1080 2234 1179 2277 signa
1213 2232 1368 2268 caelitum
1404 2231 1602 2278 imaginibus
1639 2243 1743 2266 exor-

1080 2286 1159 2313 nata
1197 2279 1276 2315 284.
1314 2278 1382 2322 48,
1425 2280 1443 2314 1
1468 2289 1543 2323 sqq.
1584 2277 1742 2312 vexillum

1080 2324 1203 2370 duplex
1226 2335 1358 2370 semper
1378 2323 1458 2369 imp.
1484 2323 1668 2370 praelatum
1683 2324 1743 2363 39.

1083 2371 1124 2405 15
1140 2391 1186 2398 -—
1204 2371 1257 2406 19.
1316 2369 1473 2404 vexillum
1517 2381 1547 2404 s.
1586 2367 1744 2414 Dionysii

1081 2426 1208 2450 summa
1231 2416 1358 2461 pietate
1379 2415 1413 2449 in
1440 2414 1672 2460 expeditiones
1686 2425 1743 2448 se-

1081 2472 1155 2496 cum
1179 2461 1369 2495 educebant
1391 2460 1527 2495 Galliae
1550 2471 1648 2505 reges
1665 2460 1743 2495 286.

1038 2505 1177 2550 vigiliae
1201 2512 1363 2553 quattuor
1386 2506 1420 2540 in
1451 2506 1576 2551 palatio
1598 2510 1744 2550 aguntur

1084 2554 1147 2596 72,
1173 2554 1204 2588 1.
1227 2554 1308 2589 320.
1345 2551 1478 2596 vigilias
1511 2557 1615 2596 agunt
1642 2551 1743 2584 etiam

1083 2597 1162 2643 imp.
1187 2598 1246 2632 filii
1272 2608 1346 2631 cum
1368 2597 1431 2642 iis,
1454 2608 1540 2643 qnos
1554 2597 1616 2631 sub
1632 2596 1744 2630 seha-

1083 2644 1166 2678 bent
1188 2644 1253 2685 85,
1277 2644 1309 2680 5.
1333 2644 1367 2678 6.
1388 2643 1524 2677 diurnas
1539 2646 1644 2687 agunt
1658 2640 1744 2676 levis

1083 2693 1272 2724 armaturae
1295 2688 1412 2723 milites
1434 2689 1499 2734 84,
1522 2690 1555 2725 7.

1037 2734 1135 2778 virgo
1163 2734 1263 2772 hodie
1295 2734 1470 2768 contacion
1487 2731 1670 2768 natalitium
1685 2731 1745 2775 57,

1085 2782 1139 2817 16.
1162 2780 1327 2825 integrum
1351 2780 1485 2825 ponitur
1509 2778 1588 2815 295.

1039 2825 1164 2861 vitrum
1188 2823 1446 2872 διαγέλαστον,
1471 2824 1505 2859 id
1528 2828 1581 2860 est
1603 2821 1743 2870 pelluci-
