1864 3164
614 167 674 211 lN
702 167 896 212 comm
922 166 1031 211 GAP.
1061 165 1140 211 ΙΙΙ.
1499 166 1597 210 227

159 273 284 310 Ῑιοοῶ
305 272 523 326 qumana
542 273 617 309 Ιοοο
640 273 830 310 addendus:
852 273 920 309 τοῦ
939 269 1057 315 ποδὸς
1074 270 1330 319 κρατηθέντος
1350 264 1391 305 ἓν
1404 271 1461 317 ’τῇ
1481 268 1598 318 cunila

159 317 345 366 θροηθεὶς
364 315 387 354 ὁ
409 318 537 359 ἵππος.

269 391 308 430 p.
323 377 375 419 14
392 389 426 415 V.
447 377 474 420 5
500 375 724 430 κεφαλαρέα
741 378 818 415 sive
836 373 1062 429 κεφάλαρον
1084 377 1177 415 freni
1197 389 1303 428 pam,
1331 387 1428 424 quae
1451 374 1600 413 auribus

111 473 120 484 ,
158 433 424 483 circumdatur,
452 444 549 483 quae
575 447 684 472 aurea
719 434 908 472 dicebatur
934 433 1118 471 veteribus
1153 431 1319 482 Latinis,
1354 436 1451 469 teste
1474 431 1602 480 Festo,

159 489 208 527 ab
231 501 321 528 aure
344 490 495 540 utique,
519 501 596 528 non
624 489 672 527 ab
695 503 812 539 auro,
847 489 943 528 sicut
966 502 1052 542 pars
1078 489 1227 528 inferior
1253 487 1347 527 fieni
1371 487 1504 526 dicitur
1521 500 1602 525 area

158 545 207 583 ab
231 558 306 584 ore.

247 609 332 645 mel.
390 608 576 644 meursius:
616 607 715 654 freni
732 611 835 654 'pm
869 619 958 653 quaa
999 609 1139 643 auribus
1177 607 1422 642 circumdatur.
1478 605 1601 640 clarius

160 665 246 699 ego=
271 656 430 699 frontale
459 655 515 689 vel
549 657 747 700 capisam.
794 653 868 699 pari
899 654 1003 688 verbo
1029 654 1164 700 scripsit
1188 654 1282 698 prius
1303 653 1444 686 Nicetes
1466 651 1501 684 in
1523 651 1601 685 Ma-

161 698 260 733 mele
282 699 307 737 l.
329 701 371 735 5.·
400 700 708 745 προμετωπίδιον.
755 694 831 733 ἀλλ’
855 691 903 743 ἦν
925 695 1040 743 ὁρᾶν,
1069 700 1176 744 inquit
1197 699 1271 740 ille,
1294 698 1367 732 τῶν
1389 697 1512 730 ἵππων
1538 692 1603 730 αὖ·

159 744 234 779 τῶν
254 738 465 790 διαδήματα
486 744 776 790 μασχαλιστῆρας
805 742 1110 788 προφαινόντων,
1138 742 1203 778 καὶ
1234 739 1481 786 προκειμένων
1510 752 1600 782 προ-

159 789 362 834 μετωπίδια
382 788 447 824 καὶ
470 789 726 834 προστερνίδια
746 790 816 833 τῆν
839 787 1032 835 βλημᾶτων
1054 786 1231 835 ἐρύματα.
1278 788 1344 822 alia
1366 787 1431 821 loci
1455 787 1603 821 eiusdem

160 834 314 880 vulgaris
344 835 466 869 lectio:
502 832 550 870 τοὶ
581 832 698 880 ἄλογα
728 831 852 869 αὑτοῖν
879 832 1123 879 ἅρματωμένα
1153 829 1243 878 μετὰ
1274 829 1512 877 κεφαλαρὲων
1541 830 1606 866 καὶ

161 876 391 935 σαχισμοὶτων
411 881 645 924 λωριιαινῶν.
690 880 725 914 in
761 881 896 914 eandem
930 886 1069 915 mentem
1093 884 1315 933 usurpaverat
1337 879 1522 912 Simocatta
1544 888 1605 911 κε·
1631 880 1634 883 ’

165 926 358 970 φαλαρονε
380 928 565 972 κοσμεῖται
589 923 656 971 μὲν
678 924 791 967 ἵππος
812 923 1033 970 κεφαλᾶροις
1053 936 1092 960 τε
1114 924 1178 960 καὶ
1202 923 1358 968 θωρηξι.

271 994 318 1034 ib.
338 1006 372 1031 v.
392 997 430 1036 6.
453 989 685 1048 ἆπῃῶρηται
708 996 924 1045 φοροῦντα.
953 993 1127 1032 mendum
1143 994 1386 1031 manifestum.
1414 992 1481 1030 sed
1511 1003 1605 1040 quo·

161 1049 273 1088 modo
289 1049 585 1088 emendandum?
602 1061 690 1087 num
706 1049 901 1099 legendum
916 1053 1046 1101 φοῦτα
1055 1049 1085 1087 Τ
1095 1050 1147 1087 ita
1164 1049 1363 1098 aliquando
1377 1048 1605 1099 suspicabar,

161 1106 377 1161 praesertim
404 1118 486 1143 cum
514 1106 630 1156 infra,
657 1105 719 1142 ubi
749 1106 796 1143 de
823 1106 920 1158 pileo
945 1109 984 1144 et
1010 1106 1214 1156 insignibus
1239 1105 1363 1155 magni
1393 1104 1606 1155 interpretis

161 1162 297 1212 agitur,
309 1161 435 1199 Iunius
457 1162 613 1200 ediderit
642 1164 798 1210 φοῦταν
823 1158 1023 1214 ἐρυθράνε
1053 1165 1092 1199 in
1105 1163 1300 1199 summitate
1320 1161 1423 1199 habet
1440 1163 1607 1209 exiguam

158 1230 292 1268 pupan
319 1219 473 1255 rubram.
508 1218 547 1255 in
576 1217 696 1254 indice
724 1218 989 1269 interpretatur
1016 1217 1142 1255 Iunius
1171 1217 1335 1269 puellam.
1374 1228 1470 1265 quae
1499 1215 1607 1252 lectio

163 1273 275 1310 etiam
300 1273 524 1324 applicanda
545 1274 689 1310 videtur
718 1274 768 1310 illi
790 1274 871 1311 loco
893 1287 922 1311 c.
945 1274 989 1314 5:
1018 1271 1113 1325 μετοῖ
1143 1275 1224 1313 τῶν
1253 1269 1501 1324 φορούντων.
1546 1271 1606 1307 lu-

163 1329 246 1366 nius
264 1341 342 1366 cum
360 1332 457 1380 equis
469 1329 723 1379 agminalibus,
752 1333 791 1367 et
809 1329 846 1366 in
864 1329 982 1367 indice
1005 1327 1054 1369 toi
1075 1331 1281 1380 φοροῦντα
1306 1330 1386 1379 equi
1404 1327 1609 1376 agminales.

162 1387 204 1422 at
222 1384 312 1433 quid
333 1384 364 1421 si
384 1389 423 1422 et
437 1385 497 1423 hic
520 1382 714 1435 ‹pov-miv?
746 1398 822 1422 cum
843 1387 1046 1423 ornamentis
1070 1389 1103 1422 et
1116 1383 1300 1436 phaleris?
1323 1384 1463 1421 accedit
1496 1381 1608 1419 Glos-

163 1440 301 1478 sarium
333 1439 487 1491 Isidori,
516 1441 573 1477 cui
611 1445 827 1478 ornamenta
858 1440 1075 1478 camelorum
1108 1445 1147 1477 et
1178 1440 1352 1492 phalerae
1383 1442 1471 1476 sunt
1503 1438 1609 1484 buda,

164 1495 297 1544 exiguo
330 1508 419 1533 sane
443 1509 466 1533 a
491 1495 670 1533 vocabulo
699 1497 813 1546 phuta
839 1496 1053 1534 discrimine.
1100 1496 1167 1532 sed
1197 1495 1393 1544 legendum
1419 1498 1458 1531 et
1490 1493 1548 1531 hic
1571 1498 1610 1531 et

166 1550 253 1587 alibi
270 1553 404 1600 τοῦφα
421 1550 536 1602 (idem
548 1549 596 1590 τοὶ
614 1547 764 1598 τούφια
782 1563 848 1588 seu
865 1548 1041 1604 τουφία.)
1062 1555 1120 1588 est
1134 1554 1258 1588 autem
1276 1552 1409 1599 τοῠφα
1420 1550 1610 1599 parvulum

161 1606 395 1657 flauunulum.
450 1606 647 1643 Mauricius
677 1607 842 1655 Strateg.
862 1609 889 1645 2
909 1610 956 1648 2:
986 1607 1174 1652 κασσίὁας
1197 1601 1361 1656 ἐχούσας
1382 1605 1530 1654 τουφία
1548 1619 1611 1655 μι-

113 1694 123 1707 .
166 1657 257 1712 aad.
291 1661 405 1699 idem:
431 1658 556 1712 μικρὰ
585 1662 731 1710 τουφία
760 1658 859 1701 navo}
894 1663 974 1700 τῶν
1004 1657 1268 1702 ὄπισθελίνων
1298 1660 1366 1700 καὶ
1397 1656 1611 1699 ἆντελίνων

166 1718 250 1756 ταῖν
258 1716 404 1764 ἵππων.
423 1717 539 1754 idem:
558 1716 704 1766 τουφία
721 1716 776 1764 εἷς
793 1714 863 1764 τοὶς
881 1712 1139 1764 ὄπισθελίνας
1155 1715 1333 1769 τέσσαρα.
1352 1717 1480 1753 eadem
1498 1716 1611 1753 ferme

166 1770 247 1810 Leo
265 1772 465 1824 imperator
486 1773 688 1810 constitut.
723 1775 769 1822 6,
799 1773 862 1809 ubi
888 1777 1078 1823 praeterea
1102 1773 1255 1821 requirit
1279 1769 1515 1822 κορυφάὸην
1538 1773 1612 1810 τοῦ

166 1827 294 1868 ἵππου
311 1828 456 1878 τουφίν
477 1827 547 1880 (sic
565 1829 661 1866 enim
686 1828 884 1877 legendum
908 1841 989 1865 esse
1012 1832 1119 1879 patet
1145 1841 1190 1866 ex
1213 1828 1390 1866 Mauricio
1418 1828 1520 1879 apud
1544 1826 1594 1864 Ri

166 1883 320 1933 galtiam
351 1897 383 1922 v.
410 1881 576 1934 τούφια)
601 1886 641 1921 in
666 1886 792 1921 vertice
822 1886 902 1935 equi
915 1885 1162 1935 flammulam,
1190 1884 1341 1921 alteram
1368 1882 1609 1935 ύπογένειον,
1633 1890 1660 1924 P
1686 1891 1751 1924 196

167 1940 231 1976 sub
257 1944 381 1979 mento.
409 1952 454 1976 ex
475 1939 530 1976 his
549 1939 654 1976 facile
674 1939 743 1976 erit
760 1944 902 1977 vertere
921 1944 959 1977 et
981 1940 1161 1991 explicare
1187 1939 1268 1977 loca
1290 1939 1441 1976 Godini:
1471 1951 1555 1976 nam
1579 1940 1610 1975 is

168 2007 278 2044 quem
300 2007 389 2046 prae
412 1996 578 2032 manibus
594 1995 792 2045 habemus,
819 1997 872 2032 sic
900 1996 1004 2032 reddi
1031 1996 1166 2044 debet,
1193 1998 1231 2033 in
1252 1995 1373 2046 fronte
1392 1995 1440 2032 ad
1467 2007 1613 2033 auream

161 2052 263 2102 fieni
275 2051 401 2101 pendet
414 2052 524 2102 tupha
541 2065 602 2089 seu
622 2053 822 2102 flammula.
849 2055 888 2088 et
906 2051 964 2088 ille
986 2051 1099 2101 alter,
1129 2065 1198 2102 pro
1226 2048 1488 2101 φορούντων,
1517 2049 1614 2101 μετοέ

167 2107 250 2146 τῶν
265 2108 452 2155 τουφῶν,
479 2119 554 2144 cum
567 2107 760 2157 flammulis
782 2111 814 2144 et
831 2108 914 2146 aliis
934 2111 1141 2146 ornamentis
1161 2108 1385 2157 equestribus.
1409 2106 1530 2144 valeat
1550 2107 1613 2144 lu-

170 2162 252 2198 nius
278 2174 361 2198 cum
385 2162 460 2198 suis
482 2164 580 2212 equis
605 2164 853 2211 agminalibus.
877 2164 986 2200 tertio
1011 2163 1092 2200 loco
1122 2163 1286 2200 similiter
1316 2163 1533 2200 medicinam
1556 2163 1612 2199 fa-

170 2217 267 2265 cies,
303 2217 335 2253 si
368 2217 570 2254 substituas
603 2215 748 2270 μικροέν
777 2221 933 2269 τοῦφαν
965 2215 1162 2269 ἔρυθροὶν,
1191 2222 1356 2267 exiguam
1381 2218 1523 2267 tupkam
1547 2230 1614 2253 seu

164 2272 351 2324 parvulam
380 2272 602 2322 flammulam
624 2285 852 2325 purpuream,
881 2273 1098 2324 laniumque
1122 2287 1205 2313 cum
1229 2286 1297 2312 sua
1316 2285 1434 2324 parva
1454 2285 1552 2324 papa
1573 2276 1612 2309 et

169 2328 291 2380 puella
316 2328 495 2365 facessere
511 2327 648 2366 iubeas.
698 2350 702 2356 ·

284 2404 465 2442 Sollicitat
490 2403 672 2454 Rigaltius
690 2404 800 2445 alium
826 2405 944 2444 locum
965 2407 1214 2459 Curopalatae
1241 2406 1357 2443 nostri
1387 2418 1416 2442 c.
1452 2405 1524 2453 17,
1551 2404 1616 2442 ubi

172 2461 231 2498 bis
249 2456 391 2511 τούβια
404 2461 524 2497 editur
542 2464 581 2498 et
598 2460 739 2510 legitur.
767 2462 890 2500 mallet
907 2463 989 2515 ipse
1007 2465 1168 2514 τούφια.
1193 2462 1366 2500 reclamat
1386 2460 1615 2497 Glossarium

173 2517 285 2566 male,
321 2517 508 2565 inquiens,
544 2519 691 2565 τουφία
724 2520 763 2553 et
793 2518 972 2567 τουφίων
1005 2519 1067 2556 hoc
1092 2519 1164 2555 loco
1186 2519 1361 2554 restituere
1389 2519 1524 2552 tentant
1546 2518 1617 2554 viri

176 2573 292 2620 docti,
318 2573 357 2609 id
375 2576 433 2609 est
452 2570 654 2622 Rigaltius3
681 2572 720 2609 in
739 2584 813 2621 quo
829 2574 960 2611 iudicio
980 2573 1158 2611 Glossarii
1178 2573 1333 2609 libenter
1355 2571 1558 2619 acquiesco.

268 2648 315 2682 ib.
330 2659 365 2682 v,
382 2648 416 2683 6.
458 2646 581 2689 τοῢφα
604 2645 671 2679 alia
704 2645 862 2689 hominis,
891 2649 957 2683 alia
990 2647 1080 2692 equi.
1125 2647 1183 2680 illa
1215 2646 1311 2679 tiara
1344 2650 1395 2680 est
1427 2650 1464 2680 et
1495 2645 1615 2691 oepitis

178 2692 352 2734 velamen,
378 2693 462 2726 haec
484 2702 588 2736 apex,
610 2691 720 2725 serica
739 2694 923 2739 panicula,
949 2695 1056 2728 crista
1076 2692 1268 2736 plumatilis
1291 2692 1344 2725 vel
1368 2702 1534 2736 gemmea.
1573 2692 1616 2725 de

176 2737 284 2781 prima
306 2738 456 2772 Zonaras
479 2737 514 2770 iu
537 2735 661 2770 Basilio
681 2736 995 2793 Porphyrogenito:
1032 2735 1143 2783 τιάρᾳ
1165 2734 1374 2776 tammonis
1405 2733 1540 2783 ὀρθία,
1567 2732 1615 2779 ἣν

177 2781 322 2826 τοῦφαν
342 2785 452 2818 καλεῖ
467 2778 488 2816 ὃ
512 2777 685 2826 δημώδης
706 2783 767 2818 καὶ
797 2785 910 2825 πολι-ς
939 2781 1164 2827 ἅνθρωπος,
1194 2778 1335 2825 τάφον,
1365 2777 1489 2826 οἶμαι,
1526 2778 1615 2815 ὠνο-
