1832 3178
271 204 336 249 20
691 205 885 248 coDlNl
920 203 1308 248 CUROPALATAE

272 321 390 361 τοῦτο
409 314 589 371 βλάτιον.
656 317 702 361 τὸ
725 313 966 375 σκαρᾶνικον
985 318 1029 360 δὲ
1048 315 1132 361 οἷον
1150 316 1195 360 τὸ
1216 322 1288 361 τοῦ
1309 314 1487 374 μεγάλου
1505 334 1727 376 πριμμικη-

273 389 362 444 ρίου
376 400 387 411 ·
423 387 489 428 καὶ
509 385 600 428 ἄνευ
619 387 852 428 δικανικίου.

410 455 476 496 Τὰ
505 458 578 496 τοῦ
605 455 788 511 πιγκέρνη
816 451 947 496 πάντα
975 449 1042 496 οἶα
1063 453 1115 497 τὰ
1134 458 1206 497 τοῦ
1227 451 1404 510 μεγάλου
1424 456 1725 512 πριμμικηρίου,

274 521 368 566 ἄνευ
402 523 447 565 δὲ
479 523 724 566 δικανικιόυ.,
778 524 846 564 καὶ
878 521 928 564 τὰ
961 526 1035 565 τοῦ
1062 520 1366 581 κουροπαλάτου
1393 521 1516 578 ὅμοια
1544 530 1630 574 τοῖς
1654 529 1727 566 τοῦ

219 603 249 637 Β
273 591 458 648 πιγκὲρνη
471 623 484 642 ,
519 593 585 633 καὶ
611 590 704 633 ἄνευ
731 591 964 633 δικανικιόυ.
1682 644 1684 646 ,
1737 600 1758 632 5

409 660 475 700 Τὰ
505 663 576 702 τοῦ
608 660 970 715 παρακοιμωμένου
1004 663 1076 714 τῆς
1104 658 1327 716 σφενδόνης
1359 658 1574 718 φορὲματα
1604 657 1726 714 ὅμοια

270 733 355 778 τοῖς
382 732 454 770 τοῦ
481 726 799 783 κουροπαλάτου.
865 727 911 770 τὸ
932 728 1145 770 δικανίκιον
1167 729 1294 771 αὐτοῦ’
1313 727 1484 780 ξύλινον.
1550 726 1573 770 ὅ
1594 726 1726 772 ἐπάνω

1708 795 1722 810 t

270 794 462 845 κόνδυλος
481 796 802 852 κεχρυσωμένος,
838 794 859 838 ὅ
881 794 1064 853 δεύτερος
1079 795 1351 853 χρυσόλευκος
1373 796 1668 851 κεκλωσμὲνος,
1703 814 1725 839 ο

268 863 361 917 μετ’
394 864 518 906 αὐτοῦ
549 862 668 906 πάλιν
687 865 1008 921 κεχρυσωμένος,
1042 862 1063 906 ὃ
1084 866 1129 907 δὲ
1143 866 1246 919 μετὰ
1263 869 1405 908 τοῦτον
1426 860 1479 908 αὖ
1499 865 1726 921 κεκλωσμέ-

268 949 359 984 νος,
393 934 460 974 καὶ
485 936 662 987 καθεξῆς
683 931 843 987 ὁμοίως.
1737 940 1780 974 10

404 1002 490 1042 Καὶ
520 1000 571 1042 τὰ
602 1005 674 1043 τοῦ
707 999 1070 1058 παρακοιμωμὲνου
1099 1005 1172 1043 τοῦ
1201 1004 1390 1051 κοιτῶνος
1418 998 1551 1044 πάντα
1579 996 1646 1043 οἶα
1674 1001 1724 1044 τὰ

267 1072 342 1112 τοῦ
362 1069 722 1126 παρακοιμωμὲνου
744 1074 816 1125 τῆς
839 1067 1073 1127 σφενδόνης.
1141 1068 1245 1123 πλὴν
1267 1067 1288 1111 ὃ
1307 1071 1382 1124 μὲν
1402 1074 1561 1127 πρῶτος
1580 1067 1726 1131 κόνδυῇ

268 1142 338 1187 λος
368 1142 440 1181 τοῦ
471 1139 688 1179 δικανικιόυ
714 1142 894 1195 χρυσοῦς
918 1135 974 1188 ὥς
997 1139 1063 1179 καὶ
1088 1137 1125 1178 οἶ
1145 1142 1225 1180 τῶν
1245 1136 1402 1190 ἄλλων,
1436 1137 1482 1181 τὸ
1512 1139 1558 1180 δὲ
1581 1138 1725 1196 ἐφεξῆς

267 1206 343 1255 ἕως
361 1204 469 1248 κάτω
483 1204 748 1262 χρυσάσπρον
767 1206 1052 1260 κεκλωσμὲνον.

217 1288 249 1322 c
407 1274 467 1315 Τὸ
492 1278 564 1316 τοῦ
584 1275 802 1330 λογοθέτου
822 1279 893 1318 τοῦ
912 1278 1066 1335 γενικοῧ
1082 1271 1263 1324 σκιάδιον
1281 1272 1422 1316 λευκὸν
1436 1271 1602 1327 βλᾶτιον
1620 1274 1722 1328 μετὰ
1738 1280 1777 1314 15

265 1342 531 1398 μαργελλίων.
596 1343 642 1385 τὸ
670 1342 895 1397 καββάδιον
915 1345 958 1386 ἐκ
978 1347 1057 1386 τῶν
1077 1340 1268 1397 συνήθως
1285 1343 1599 1397 πολιτευομένων
1617 1347 1724 1397 βλα-

265 1412 375 1453 τίων.
442 1410 487 1452 τὸ
508 1411 550 1452 δὲ
569 1409 814 1467 σκαράνικον
827 1409 1098 1469 χρυσόλευκον
1113 1408 1302 1464 βλάτινον
1320 1411 1581 1466 συρματέΐνον
1591 1442 1604 1462 ,
1635 1409 1725 1466 ἔχον

264 1478 496 1535 ἔμπροσθέν
525 1495 567 1520 τε
595 1481 661 1521 καὶ
689 1479 859 1523 ὄπισθεν
880 1480 952 1535 τὴν
974 1484 1046 1522 τοῦ
1069 1479 1268 1533 βασιλέως
1292 1477 1426 1522 εἰκόνα
1447 1479 1723 1535 διαγέλαστον,

263 1546 398 1604 ὥσπερ
422 1548 489 1589 καὶ
511 1551 582 1589 τοῦ
601 1549 888 1605 πριμμικηρίου
900 1580 913 1600 ,
947 1549 1014 1591 καὶ
1035 1547 1128 1590 ἄνευ
1151 1548 1383 1590 δικανικιόυ.

403 1615 464 1657 Τὸ
494 1619 565 1657 τοῦ
592 1619 959 1674 πρωτοβεστιαριόυ
985 1614 1167 1659 σκιάδιον
1195 1613 1420 1658 κλαπωτόν.
1486 1613 1534 1657 τὸ
1563 1611 1722 1669 καββά-
1734 1620 1778 1655 20

267 1685 352 1726 διον
375 1685 443 1725 καὶ
467 1683 512 1725 τὸ
536 1683 777 1740 σκαράνικον
799 1685 925 1730 αὐτοῦ
949 1682 1016 1727 οἷα
1038 1685 1090 1727 τὰ
1113 1688 1185 1728 τοῦ
1207 1683 1428 1740 λογοθέτου
1455 1686 1530 1726 τοῦ
1554 1686 1724 1740 γενικοῦ.

356 1802 375 1836 1
394 1801 518 1845 τοῦτο]
539 1798 588 1835 ου’
601 1799 643 1836 τὸ
662 1801 720 1836 ΑΒ
846 1803 868 1838 7
884 1800 994 1844 ξύλον
1008 1802 1039 1836 Α
1153 1803 1174 1838 8
1189 1799 1423 1847 χρυσάσπρος
1436 1801 1467 1835 Α
1582 1801 1625 1836 15
1642 1802 1720 1836 λευ-

351 1842 602 1937 οὲῗέὶίοέἶπὲον
623 1847 654 1882 Α
793 1849 838 1884 17
860 1844 1081 1892 σκαριίνικον
1101 1845 1220 1883 αὐτοῦ
1245 1847 1273 1883 Α
1409 1843 1645 1892 χρυσάσπρον
1661 1847 1721 1882 ΑΒ

264 1999 320 2030 est
342 2005 475 2040 pannus
498 2005 582 2029 auro
605 1998 736 2029 textus.
784 1993 998 2030 scaranicum
1022 1993 1096 2029 eius
1114 1993 1216 2041 quale
1234 1993 1348 2039 magni
1366 1993 1576 2040 primicerii;
1598 1995 1721 2030 baculo

266 2045 376 2075 caret.

353 2085 548 2120 Pincernae
587 2085 701 2119 omnia
738 2089 938 2121 ornamenta
975 2089 1056 2120 sunt
1092 2091 1131 2120 ut
1164 2085 1278 2130 magni
1306 2085 1506 2130 primicerii.
1553 2098 1622 2121 non
1651 2087 1721 2121 fert

262 2131 434 2211 baculum.
481 2131 703 2176 curopalatae
740 2131 892 2176 insignia
928 2136 1009 2167 sunt
1041 2131 1168 2167 similia
1194 2131 1397 2177 pincernae.
1445 2137 1543 2167 caret
1577 2138 1614 2167 ει
1643 2132 1721 2178 ipse

263 2180 351 2214 baeu
367 2189 402 2211 o.

352 2222 574 2257 Accubitoris
603 2220 710 2266 sigilli
741 2233 803 2256 seu
834 2221 950 2257 annuli
982 2222 1166 2268 signatorii
1196 2222 1390 2268 gestamina
1412 2223 1623 2258 conveniunt
1646 2234 1721 2258 cum

263 2269 482 2314 curopalata.
528 2267 669 2302 baculus
695 2267 770 2302 eius
793 2268 929 2312 ligneus
953 2275 1021 2303 est.
1065 2268 1226 2323 superior
1256 2268 1407 2304 calamus
1432 2269 1630 2314 inauratus,
1664 2281 1721 2304 se-

264 2315 395 2350 cundus
420 2313 536 2348 colore
559 2324 664 2347 aureo
690 2318 725 2347 et
748 2313 825 2348 albo
850 2314 1015 2348 intortus.
1061 2325 1121 2359 qui
1145 2315 1235 2352 hunc
1257 2315 1435 2360 sequitur,
1463 2326 1598 2350 rursum
1619 2315 1720 2350 inau-

264 2368 361 2396 ratus
385 2367 451 2395 est.
500 2359 675 2405 proximus
699 2360 742 2393 ab
767 2359 832 2392 hoc
854 2359 978 2394 iterum
999 2359 1148 2395 intortus
1173 2366 1247 2404 est,
1275 2367 1312 2395 et
1333 2360 1385 2396 sic
1407 2361 1588 2407 deinceps-

356 2405 576 2441 Accubitoris
607 2404 756 2439 cubiculi
787 2405 937 2450 insignia
968 2407 1082 2441 omnia
1105 2406 1318 2440 conveniunt
1345 2418 1421 2441 cum
1442 2407 1637 2452 insignibus
1659 2418 1720 2442 ac-

265 2452 434 2487 cubitoris
457 2450 563 2496 sigilli
584 2461 646 2484 seu
671 2450 866 2495 sigilliferi,
899 2457 1044 2496 excepto
1076 2453 1168 2497 quod
1194 2452 1325 2497 primus
1356 2453 1506 2488 calamus
1529 2452 1643 2487 baculi
1666 2457 1722 2487 est

262 2509 408 2543 aureus,
435 2503 475 2532 ut,
495 2502 532 2532 et
553 2496 716 2542 aliorum,
741 2503 928 2542 sequentes
952 2509 1036 2532 vero
1059 2499 1105 2533 ad
1127 2498 1231 2533 finem
1254 2509 1364 2543 usque
1388 2511 1431 2533 ex
1453 2510 1559 2534 aureo
1582 2503 1619 2533 et
1640 2497 1720 2533 albo

264 2544 381 2579 colore
407 2543 502 2578 nexi.

355 2589 574 2633 Logothetae
595 2587 765 2632 generalis
789 2588 919 2624 aerarii
941 2588 1054 2633 pileus
1078 2593 1131 2624 est
1155 2588 1253 2624 albus
1275 2600 1410 2635 pannus
1433 2601 1508 2624 cum
1531 2589 1717 2634 margellis.

262 2635 471 2670 cabbadium
510 2646 554 2669 ex
590 2634 634 2669 iis
671 2646 761 2680 quae
793 2635 963 2669 communi
997 2647 1090 2669 more
1122 2636 1253 2679 gestari
1284 2635 1396 2670 solent
1425 2634 1550 2680 pannis
1579 2635 1717 2670 sericis.

263 2681 479 2716 scaranicum
511 2680 608 2715 aurei
642 2685 678 2715 et
710 2680 780 2716 albi
813 2680 941 2716 coloris
973 2686 1047 2724 est,
1083 2693 1197 2726 panno
1232 2681 1344 2715 serico
1368 2680 1489 2716 ductili
1511 2692 1596 2715 auro
1620 2686 1717 2716 texto

261 2728 476 2771 confectum,
511 2726 643 2761 habens
675 2732 756 2762 ante
789 2730 825 2762 et
855 2732 950 2761 retro
985 2726 1206 2772 imperatoris
1235 2726 1419 2772 imaginem
1449 2738 1493 2760 ex
1517 2727 1650 2773 liquato
1673 2727 1717 2761 ad

259 2773 471 2817 pigmentum
496 2772 657 2817 metallo,
690 2773 883 2808 cuiusmodi
911 2772 1014 2807 etiam
1043 2778 1098 2807 est
1128 2774 1341 2808 scaranicum
1369 2772 1574 2819 primicerii.
1621 2777 1719 2807 caret

260 2819 397 2854 baculo.
1379 2827 1381 2829 '

348 2864 661 2901 Protovestiaritae
691 2864 804 2910 pileus
836 2875 922 2900 auro
953 2867 1070 2899 textus
1100 2868 1166 2898 est.
1215 2863 1420 2900 cabbadium
1445 2867 1481 2899 et
1502 2863 1715 2900 scaranicum
