1832 3178
256 185 321 232 26
675 190 873 234 comm
907 190 1299 235 CUROPALATAE
1323 177 1326 179 ’

200 303 230 338 Β
254 299 378 357 ἄκρον
400 302 803 360 κατακεχρυσωμένον
821 304 984 358 βουτίον
1000 306 1069 348 καὶ
1086 306 1189 349 κατὰ
1205 306 1279 362 τὴν
1293 307 1420 364 μέσην
1439 308 1540 364 ὁέμα
1561 308 1709 365 ὁμοίως

252 371 564 426 κεχρυσωμένον.

390 438 456 481 Τὰ
486 443 560 482 τοῦ
587 437 898 498 ὄρφανοτρόφου
923 446 1111 496 τοιαῦτα,
1152 441 1246 486 ἄνευ
1269 445 1501 488 δικανικίου.
1569 448 1708 491 καὶτὰ

250 509 324 547 τοῦ
345 509 668 564 πρωτονοταρίου
688 506 819 551 πάντα
839 508 974 564 ὅμοια.

389 575 454 617 Τὰ
476 580 549 618 τοῦ
571 577 635 618 ἐπὶ
659 581 740 619 τῶν
762 577 1021 634 ἀναμνήσεων
1041 575 1108 621 οἷα
1131 578 1180 621 τὰ
1203 583 1283 621 τῶν
1307 579 1386 637 πρὸ
1410 580 1535 624 αὐτοῦ
1545 613 1559 633 ,
1593 591 1741 638 ηοω-5·

249 645 482 700 τονοταριόυ
512 661 554 686 τε
585 645 652 686 καὶ
680 648 760 687 τῶν
786 649 946 689 λοιπῶν.
987 686 991 690 ,
1014 651 1088 689 τοῦ
1116 648 1160 689 δὲ
1186 649 1406 691 δικανικιόυ
1436 650 1564 692 αὐτοῦ
1586 648 1608 692 ὅ
1633 651 1707 704 μὲν

248 709 382 754 ἐπάνω
411 711 604 762 κόνδυλος
631 715 949 769 κεχρυσωμένος,
981 715 1027 758 τὸ
1051 716 1096 758 δὲ
1116 716 1257 758 λοιπὸν
1274 718 1533 775 συβαλταρέα
1552 718 1708 775 ἆσπρο-

247 776 450 831 κόκκινον,
486 778 578 822 ἄνευ
595 784 829 838 χρυσαφίου
847 783 968 834 τινός.

387 849 453 890 Τὰ
473 853 546 891 τοῦ
567 850 802 903 δομεστίκου
824 856 903 894 τῶν
923 851 1082 906 τειχέων
1103 850 1157 902 ὧς
1177 852 1228 895 τὰ
1247 856 1322 895 τοῦ
1341 853 1406 895 ἐπὶ
1424 857 1504 897 τῶν
1525 851 1707 909 ἀναμνή-

248 932 364 958 σεων.
431 916 477 960 τὸ
500 917 544 959 δὲ
565 919 778 961 δικανίκιον
803 920 927 963 αὗτοῦ
952 918 1071 971 ’ξύλον
1094 924 1213 963 λεῖον.
1718 931 1764 966 10

195 991 227 1026 C
388 984 448 1027 Τὸ
482 989 557 1028 τοῦ
588 988 900 1043 προκαθημένου
928 993 999 1031 τοῦ
1028 993 1219 1039 κοιτῶνος
1238 987 1442 1041 σκιάδιον,
1476 989 1525 1032 τὸ
1544 987 1706 1044 καββά-

249 1053 337 1094 διον
363 1055 432 1095 καὶ
461 1053 506 1096 τὸ
535 1051 715 1097 κόκκινον
743 1055 983 1112 σκαράνικον
1012 1055 1134 1110 ὅμοια
1161 1064 1247 1108 τοῖς
1268 1062 1341 1101 τοῦ
1362 1059 1600 1113 δομεστίκου
1625 1062 1707 1101 τῶν

245 1121 418 1175 τειχέων.
487 1121 533 1164 τὸ
555 1124 771 1165 ὁικανίκιον
793 1125 917 1166 αὐτοῦ
938 1123 1057 1175 ξύλον
1077 1129 1195 1167 λεῖον.

385 1189 451 1231 Τὰ
472 1195 545 1231 τοῦ
564 1193 875 1247 προκαθημένου
892 1194 1124 1251 βεστιαριόυ
1141 1192 1295 1244 πάντα,
1321 1194 1388 1235 καὶ
1405 1192 1452 1236 τὸ
1473 1194 1705 1246 δικανίκιον,

245 1253 313 1299 οἷα
332 1257 383 1300 τὰ
404 1259 718 1313 προκαθημένου
739 1265 812 1302 τοῦ
831 1266 1034 1312 κοιτῶνος.
1068 1263 1135 1304 καὶ
1153 1261 1204 1304 τὰ
1222 1266 1295 1304 τοῦ
1310 1264 1543 1320 βεστιαρίου
1560 1267 1702 1315 ταῦτα,
1716 1273 1760 1308 15

242 1323 336 1367 ἄνευ
360 1326 403 1368 δὲ
425 1328 657 1370 δικανικίου.

381 1394 446 1436 Τὰ
478 1399 550 1438 τοῦ
581 1393 839 1453 ἓταιριάρχου
873 1394 1004 1439 πάντα
1032 1395 1181 1452 ὁμοίως
1207 1395 1390 1447 τούτοις·
1423 1395 1470 1439 τὸ
1488 1398 1533 1440 δὲ
1552 1399 1704 1440 δικανί-

242 1471 329 1503 κὶον
365 1462 488 1505 αὐτοῦ
502 1494 516 1514 ,
564 1461 697 1521 ὥσπερ
727 1464 773 1506 τὸ
806 1470 878 1507 τοῦ
906 1464 1081 1521 μεγάλου
1119 1465 1374 1521 ἑταιριάρχυυ
1403 1466 1703 1523 χρυσοηέρανον

241 1531 514 1583 κεκλωσμένον
525 1562 538 1582 ,
574 1531 680 1574 οὕτω
702 1536 820 1575 τοῦτο
845 1534 1160 1590 κιτρινοηέρανον
1182 1534 1467 1587 κεκλωσμένον.

379 1598 445 1641 Τὰ
467 1603 539 1641 τοῦ
563 1603 832 1658 λογαριαστοῦ
854 1606 927 1656 τῆς
947 1602 1075 1657 αὐλῆς
1094 1607 1283 1645 τοιαῦτα·
1318 1601 1364 1644 τὸ
1388 1602 1604 1644 δικανίκιον
1625 1601 1759 1647 avi—20

238 1670 312 1709 τοῦ
334 1665 453 1717 ξύλον
475 1671 593 1710 λεῖον.

185 1739 217 1773 D
379 1735 446 1778 Τὰ
467 1740 539 1779 τοῦ
561 1735 914 1794 στρατοπεδάρχου
934 1743 1014 1781 τῶν
1033 1735 1352 1793 μονοκαβάλλων
1370 1735 1532 1792 ὁμοίως.

333 1844 352 1877 1
377 1839 476 1877 κάτω
499 1842 772 1888 κεχρυσωμένον
795 1845 855 1880 ΑΒ
992 1846 1015 1880 4
1037 1841 1151 1888 ὅμοια
1174 1843 1256 1889 ΑΒ,
1280 1841 1417 1887 ὁμοίως
1436 1842 1466 1876 Ρ

241 1936 296 1967 est
315 1944 430 1978 panno
448 1934 628 1977 coccineo,
654 1935 783 1969 habens
802 1936 839 1969 in
856 1935 989 1969 vertice
1004 1935 1194 1970 inauratam
1212 1934 1339 1969 bullam
1363 1933 1534 1978 (nodum,
1556 1933 1700 1978 caput),

241 1985 278 2012 et
300 1978 335 2011 in
359 1979 470 2013 medio
493 1980 666 2024 cingulum
691 1981 824 2026 pariter
845 1981 1052 2014 inauratum.

331 2024 467 2058 Similia
490 2033 570 2059 sunt
593 2026 886 2070 orphanotrophi,
910 2032 947 2060 at
968 2027 1045 2061 sine
1065 2025 1200 2060 baculo.
1249 2025 1369 2059 eodem
1389 2023 1490 2059 modo
1513 2035 1552 2058 se
1573 2023 1701 2058 habent

240 2069 356 2103 omnia
378 2078 578 2105 ornamenta
599 2072 842 2116 protonotarii.

327 2115 418 2153 Eius
453 2117 511 2161 qni
546 2129 567 2150 a
597 2117 761 2150 memoria
792 2122 865 2160 est,
896 2116 1046 2161 insignia
1077 2116 1162 2150 talia
1194 2114 1335 2149 noveris
1357 2113 1474 2159 qualia
1497 2125 1615 2148 eorum
1638 2113 1699 2158 qni

239 2162 472 2204 antecedunt,
506 2163 734 2207 protonotarii
764 2163 899 2197 scilicet
931 2170 966 2197 et
997 2163 1154 2196 aliorum.
1200 2160 1315 2195 baculi
1338 2161 1412 2194 eius
1435 2159 1597 2204 superior
1618 2159 1696 2204 qui-

239 2207 316 2240 dem
342 2207 488 2241 calamus
512 2208 691 2243 inauratus
716 2214 788 2254 est,
823 2208 949 2253 reliqui
974 2208 1154 2243 storeatiin
1177 2207 1271 2253 plexi
1293 2206 1363 2241 albi
1386 2210 1422 2241 ct
1445 2205 1599 2240 coccinei
1621 2206 1698 2240 siue

237 2252 305 2287 ullo
328 2265 412 2287 auro
437 2253 538 2287 illito.

325 2299 516 2333 Domestici
548 2310 718 2333 murorum
746 2298 864 2345 qualia
894 2299 972 2333 eius
1005 2297 1066 2343 qui
1097 2303 1152 2332 est
1183 2310 1204 2332 a
1234 2298 1412 2332 memoria.
1459 2295 1604 2331 baculus
1622 2295 1700 2331 eius

234 2351 290 2380 cst,
312 2344 440 2388 lignum
466 2344 579 2379 laeve.

328 2390 505 2424 praesidis
538 2402 599 2424 seu
633 2389 845 2424 excubitoris
869 2388 960 2423 sacri
984 2388 1131 2423 cubiculi
1156 2388 1266 2433 pileus
1290 2387 1493 2422 cabbadium
1518 2399 1560 2422 ac
1582 2386 1696 2422 cocci-

235 2447 335 2471 neum
358 2436 571 2470 scaranicum
594 2435 719 2470 similia
743 2441 824 2470 sunt
845 2435 1027 2469 domestici
1048 2446 1234 2469 murorum.
1281 2434 1423 2469 baculus
1457 2433 1533 2468 cius
1565 2433 1694 2477 lignum

235 2481 347 2517 laeve.

325 2527 504 2561 Praesidis
529 2526 688 2562 vestiarii
712 2531 915 2560 ornamenta
938 2525 1052 2559 omnia
1076 2531 1112 2559 et
1133 2525 1274 2559 baculus
1300 2525 1420 2559 eodem
1443 2524 1544 2558 modo
1568 2534 1607 2557 se
1629 2522 1692 2557 ha—

233 2574 318 2607 bent
341 2584 410 2617 quo
435 2573 603 2618 praesidis
628 2572 789 2607 cubiculi.
837 2572 955 2605 eadem
980 2576 1061 2604 sunt
1082 2571 1262 2615 vestiarii,
1288 2576 1435 2616 excepto
1457 2568 1594 2604 baculo.

327 2619 529 2652 Gestamina
552 2618 814 2654 hetaeriarchae
837 2623 918 2651 sunt
939 2616 1064 2650 similia
1085 2617 1175 2650 istis.
1224 2616 1365 2651 baculus
1383 2621 1422 2650 ut
1439 2613 1554 2659 magni
1573 2615 1692 2648 hetae-

234 2663 394 2697 riam-hae
417 2669 472 2697 est
491 2665 589 2699 nurci
614 2671 650 2700 et
672 2663 781 2699 caesii
803 2662 930 2698 coloris
953 2662 1096 2704 intorti3
1119 2662 1170 2697 ita
1193 2662 1292 2696 huius
1314 2668 1368 2697 est
1388 2660 1506 2696 citrini
1529 2664 1565 2696 et.
1586 2659 1693 2694 caesii

236 2709 364 2744 coloris
388 2708 522 2743 intorti.

329 2754 433 2788 Talia
455 2762 536 2789 sunt
559 2755 678 2789 itidem
701 2753 910 2799 logui-iustae
931 2752 1042 2788 aulae.
1089 2752 1231 2786 baculus
1255 2752 1331 2786 cius
1351 2750 1480 2796 lignum
1503 2749 1614 2784 laeve.

327 2801 526 2834 concinunt
560 2802 709 2847 insignia
743 2799 913 2847 praefecti
943 2798 1276 2843 monocubassurum,
1311 2797 1377 2832 hoc
1409 2802 1463 2831 est
1491 2807 1608 2831 eorum
1635 2795 1695 2840 qui

236 2858 303 2881 nno
330 2858 419 2892 equo
445 2853 602 2883 utuntur.
