1820 3178
563 208 624 252 IN
650 209 847 254 CODINI
874 210 984 257 GAP.
1016 209 1053 254 1.
1440 211 1533 257 161

95 317 209 372 βωνα
229 315 327 371 πρὸς
352 313 598 372 &brumam
631 316 701 359 καὶ
731 320 815 361 ταῖν
842 316 967 372 ἇγίων
993 314 1135 373 δόρων
1164 317 1208 360 ἔν
1237 332 1278 359 τε
1302 319 1356 374 τῇ
1385 316 1442 366 εἷς
1459 316 1535 371 τήν

94 375 213 430 α’γίαν
228 371 421 425 τράπεζαν
443 372 582 431 εἰσόδῳ
599 374 667 414 καὶ
686 374 728 415 ἐν
751 377 802 430 τῇ
819 375 876 422 εἰς
888 372 963 428 τὴν
978 373 1174 429 πρόθεσιν
1191 372 1372 431 ἐπανόδῳ
1389 371 1534 415 αὐτῶν.

186 460 223 497 p.
244 450 268 485 6
290 460 324 486 v,
350 451 409 487 1³.
454 446 476 484 ὅ
505 446 722 494 denutritas]
756 450 942 485 Allatianar
974 446 997 485 ὅ
1021 448 1222 492 &exercitae
1240 451 1452 494 περιπατῶν
1473 447 1534 494 ἔμ-

92 496 260 539 προσθεν
289 495 358 529 τοῦ
386 490 579 540 ἀρχιερέως
615 495 809 538 καθαρίζει
839 493 906 530 τὸν
927 491 1019 530 λαὸν
1038 492 1115 531 ἀπὸ
1137 493 1206 541 τήν
1224 493 1405 541 στράταν,
1437 498 1534 531 viam

90 542 218 587 populo
246 541 408 577 nundum
440 553 583 576 vacuam
671 542 799 575 reddit.
845 541 930 575 alia:
968 537 989 576 ὁ
1020 540 1224 582 &exorcistae
1246 537 1295 576 νοὶ
1328 543 1423 587 καλῇ
1447 537 1535 581 τούς

91 582 276 632 ἄρχοντας
296 582 350 626 είς
370 582 438 622 τὸν
458 583 631 632 cinisem
652 584 716 620 καὶ
730 582 778 620 νά
798 586 983 632 καθαρίζῃ
1001 583 1068 622 τόν
1083 584 1175 622 λαὸν
1187 584 1264 623 α’πό
1278 583 1348 631 τὴν
1360 585 1533 631 στράταν.

202 654 370 693 Fuerunt
391 654 502 693 etiam
529 655 692 706 dqmtati
714 655 811 692 inter
836 655 954 693 officia
981 655 1152 708 militiae,
1181 657 1230 694 de
1258 656 1391 707 quibus
1417 657 1534 695 multa

92 723 139 750 ex
158 712 266 750 variis
280 712 539 763 imperatorum
557 711 878 749 constitutionibus
896 712 1079 762 Rigaltius
1098 714 1137 751 in
1168 726 1236 751 suo
1263 713 1400 763 lexico,
1419 714 1533 751 verbo

92 764 312 814 δεποτᾶτοι,
338 779 449 817 quem
467 769 571 806 vide:
600 768 689 806 nihil
706 769 802 806 enim
818 768 868 806 illi
884 770 934 807 ad
951 782 1043 820 nos,
1072 770 1139 820 qui
1149 769 1391 808 ecelesiastica
1412 769 1534 807 officia

89 828 301 862 tractamus.

199 880 286 920 ibid.
340 880 516 930 Sequitur
548 877 573 920 ὅ
609 879 674 920 ἐπὶ
701 882 774 931 τῆς
799 877 958 928 ποδέας.
1016 878 1142 917 Iunius
1173 880 1372 931 praefectus
1398 883 1532 920 instru-

89 939 202 975 merito
224 949 332 975 sacro.
365 937 413 974 (le
427 948 501 985 quo
520 937 594 973 duo
612 937 734 986 potins
756 937 923 987 suspicor
943 948 1052 985 quam
1068 937 1155 974 scio.
1180 937 1269 985 quid
1286 937 1318 974 si
1337 936 1361 977 ὅ
1378 936 1443 976 ἐπὶ
1458 940 1533 988 τῆς

88 990 236 1040 ποδέας
251 992 302 1029 sit
325 992 386 1030 ille
410 994 472 1042 qui
491 993 688 1043 pavimenti
710 994 748 1031 in
774 1005 910 1043 magna
931 993 1081 1030 ecclesia
1101 1005 1223 1030 curam
1238 993 1421 1042 gerebat?
1444 1006 1532 1031 nam

88 1046 214 1088 ποδὲα
231 1053 292 1086 est
304 1049 432 1096 solum,
444 1052 700 1100 pavimentum,·
725 1050 823 1087 unde
845 1049 1036 1086 Germanis
1059 1049 1120 1086 der
1137 1049 1253 1089 boden.
1281 1053 1320 1087 et
1337 1053 1443 1100 patet
1461 1050 1532 1087 hoe

88 1117 135 1142 ex
153 1105 367 1155 Originibus
390 1105 484 1156 Cp.‚
512 1104 575 1142 ubi
603 1105 761 1144 ambitus
789 1106 860 1143 fori
881 1106 1014 1143 dicitur
1039 1105 1154 1143 fuisse
1173 1105 1335 1154 aequalis
1362 1109 1432 1158 τῆς
1453 1121 1533 1146 πο-

87 1159 180 1208 δέας
194 1164 268 1212 τῆς
283 1158 426 1214 κόρτης
447 1164 519 1201 τοῦ
540 1158 710 1214 μεγάλου
731 1163 1047 1202 Κωνσταντίνου.
1076 1166 1115 1199 et
1144 1159 1169 1202 ὅ
1192 1160 1258 1201 ἐπὶ
1289 1164 1360 1213 τῆς
1384 1160 1531 1209 ποδὲας

87 1217 174 1254 ideo
194 1217 305 1255 etiam
333 1217 403 1254 dici
427 1218 557 1266 nequit
582 1218 783 1269 Jnaefectus
815 1220 1038 1257 instrumenti
1065 1220 1164 1256 sacri
1195 1229 1262 1255 seu
1293 1218 1529 1268 supellectilis,

90 1274 178 1323 quia
198 1274 412 1312 distinctum
430 1277 471 1312 et
482 1274 670 1325 proprium
691 1274 847 1312 officium
876 1278 935 1311 est
961 1272 986 1314 ὅ
1006 1272 1125 1326 μέγας
1152 1271 1404 1324 σκευοφύλαξ
1429 1290 1530 1326 κρα-

88 1331 172 1369 τοῖν
194 1326 243 1370 τὰ
260 1327 383 1382 σκεύη
399 1333 470 1380 τῆς
494 1330 712 1380 ἐκκλησίας.
745 1331 835 1379 quid
857 1331 890 1368 si
909 1330 961 1367 sit
991 1342 1086 1367 unus
1107 1341 1152 1367 ex
1173 1333 1365 1382 θεωροῖς,
1394 1343 1438 1367 ex
1464 1343 1529 1368 cu-

89 1385 259 1424 stodibus
277 1387 361 1436 qui,
389 1389 433 1424 ut
449 1387 502 1424 ait
519 1387 657 1424 Citrius
668 1413 681 1435 ‚
707 1382 755 1437 τῆ
760 1402 783 1426 ν
804 1383 986 1437 φυλακὴν
1002 1385 1071 1426 καὶ
1094 1382 1259 1439 τήρησιν
1275 1384 1531 1426 πιστεύονται

88 1444 170 1482 τῶν
192 1442 309 1495 ἱερῶν
334 1445 485 1483 σκευῶν
513 1442 580 1482 καὶ
604 1445 684 1482 τῶν
700 1439 962 1494 καλυμμάτων
987 1437 1141 1490 αὐτῶν,
1171 1441 1207 1482 εἰ
1233 1437 1400 1493 μάλιστα
1424 1442 1529 1494 εὑρί-

91 1510 251 1538 σκονται
276 1501 399 1538 ταῦτα
423 1499 553 1545 λίθοις
581 1497 647 1538 καὶ
674 1495 888 1550 μαργοὶροις
919 1494 1185 1549 κοσμούμενα.
1225 1497 1323 1534 adde
1358 1499 1459 1545 quod
1490 1498 1530 1534 in

90 1553 270 1605 Turcogr.
298 1568 335 1605 p.
368 1556 445 1596 181
469 1555 611 1601 ποδαῖς
638 1567 706 1603 pro
729 1555 878 1591 vestibus
907 1565 974 1590 seu
1007 1547 1211 1602 tegumentis
1237 1552 1389 1601 legitur:
1430 1551 1528 1605 μετοὲ

87 1606 398 1661 εὖμορφοτᾶταις
427 1610 582 1656 ποδαῖς.
623 1610 826 1658 interpres,
861 1611 1000 1646 ornavit
1022 1608 1184 1658 templum
1206 1609 1419 1656 imaginibus
1444 1609 1529 1658 pul-

87 1666 250 1703 cherrime
261 1668 420 1710 vestiti&
438 1665 475 1701 in
493 1665 656 1714 margine
673 1665 821 1701 additur
833 1661 928 1714 μετοέ
946 1661 1195 1715 ὦραιοτοῖτων
1212 1660 1528 1714 ἔφαπλωμᾶτων,

87 1734 164 1759 cum
180 1723 428 1759 venustissimis
439 1723 690 1771 integumentis.
710 1721 799 1769 quid
814 1720 846 1757 si
859 1719 990 1758 horum
1005 1724 1044 1757 et
1060 1719 1230 1760 similium
1248 1732 1335 1758 cura
1350 1721 1398 1758 ad
1415 1721 1527 1758 istum

83 1776 305 1829 spectabat?

176 1843 262 1876 ibid.
305 1839 448 1876 ποδέαν
472 1839 639 1874 Meursius
679 1839 919 1885 interpretatur
955 1839 1195 1881 ministeriun,
1235 1839 1407 1874 utensilia.
1462 1840 1527 1875 nisi

87 1897 175 1931 quae
195 1887 262 1920 sint
282 1886 341 1921 illa
365 1887 537 1931 proferas,
559 1885 739 1919 ministerio
759 1891 818 1918 tuo
842 1895 907 1918 non
923 1890 1020 1927 utar,
1043 1884 1182 1919 Meursi.
1228 1891 1370 1930 prosunt.
1385 1886 1527 1930 amplius

87 1934 281 1967 Graeculae
304 1932 471 1973 mulieres,
496 1942 582 1975 quae
603 1928 744 1965 ποὸέαν
765 1934 892 1976 partem
914 1930 1019 1964 vestis
1034 1930 1226 1964 inferiorem
1243 1941 1342 1964 crura
1353 1931 1527 1976 pedesque

87 1989 166 2013 auos
189 1979 356 2012 velantem
378 1977 545 2011 vocitant:
569 1976 682 2010 utilius
702 1976 812 2010 adhuc
838 1987 890 2009 me
922 1975 1109 2010 docuerunt.
1139 1975 1223 2018 viri,
1262 1977 1378 2010 talaris
1411 1977 1525 2010 cuius-

88 2034 218 2068 cunque
243 2024 378 2058 tunicae
404 2034 496 2056 oram
519 2027 642 2056 terram
666 2022 913 2062 allambentem,
937 2021 1014 2066 quia
1036 2021 1140 2067 pedes
1162 2021 1286 2061 ambit,
1309 2018 1450 2061 ποδέας
1461 2033 1526 2056 ηο-

87 2080 162 2103 men
185 2069 314 2103 mereri.
358 2069 516 2114 profuere
540 2078 622 2112 prae
643 2067 785 2102 caeteris
803 2066 852 2100 illi
875 2066 1037 2100 sacristae
1060 2067 1206 2109 Graeci,
1228 2067 1285 2111 qui
1308 2068 1456 2101 anterius
1471 2069 1525 2101 al-

86 2115 172 2148 taris
187 2118 430 2157 ornamentum,
454 2124 633 2156 sacrasque
648 2113 723 2147 illas
743 2118 854 2146 vestes
875 2112 999 2146 sericas
1026 2112 1081 2146 vel
1105 2124 1187 2146 auro
1209 2117 1321 2146 textas
1342 2113 1398 2146 vel
1424 2114 1523 2147 etiam

89 2171 135 2194 ex
155 2170 238 2193 auro
259 2159 366 2193 solido
389 2159 444 2193 vel
465 2163 604 2202 argento
626 2161 814 2199 confectas,
836 2169 877 2192 ac
894 2157 1092 2202 imaginibus
1114 2158 1149 2191 in
1173 2158 1322 2191 ecclesiis
1338 2158 1529 2203 circumpo-

87 2205 232 2247 nendas‚
253 2202 389 2243 ποὸέας
409 2201 594 2248 nuncupari
615 2208 838 2237 asseruerunt.
884 2203 982 2236 fidem
1004 2203 1132 2236 cunctis
1154 2213 1174 2236 a
1195 2213 1248 2236 me
1263 2202 1375 2237 datam
1398 2204 1523 2237 confir-

89 2254 159 2284 mat
179 2249 322 2283 Nicetae
343 2249 527 2282 auctoritas
547 2250 580 2282 in
606 2249 710 2282 variis
732 2249 801 2282 eius
824 2248 1024 2282 lectionibus
1045 2248 1177 2292 obviam
1198 2249 1300 2292 facta,
1323 2248 1358 2282 in
1390 2249 1522 2282 Isaacio

88 2295 220 2340 quidem
238 2294 365 2337 Angelo
384 2294 406 2327 l.
428 2297 466 2328 1:
492 2291 672 2338 οἰκήματα
692 2292 935 2338 κατήρειψαν,
953 2291 1020 2327 τὸν
1043 2291 1152 2327 ἔνδον
1173 2293 1333 2327 πλοῦτον
1348 2291 1519 2337 περιεβά-

88 2342 217 2382 λοντο,
238 2336 319 2382 stoc}
341 2336 591 2383 οἷνηρεῦνησαν
614 2337 893 2383 φροντιστήρια,
915 2337 1054 2378 ποδέας
1077 2335 1273 2382 ἀφείλοντο
1296 2339 1369 2372 τῶν
1394 2337 1522 2382 ἁγίων,

89 2386 144 2420 cui
174 2385 278 2419 ultimi
305 2385 473 2418 commatis
503 2385 578 2418 vice
606 2385 672 2419 alia
700 2385 800 2419 lectio
826 2384 960 2429 reponit
992 2382 1126 2418 ἔπιπλα
1144 2379 1340 2427 ἀφείλοντο
1359 2384 1520 2426 παναγῆ.

90 2431 236 2465 eiusdem
251 2430 371 2464 lsaacii
389 2430 410 2463 l.
426 2430 465 2464 32
498 2426 563 2463 τὸν
585 2425 624 2464 ἔν
646 2427 863 2474 ἀνακτόροις
882 2427 1111 2474 περιώνυμον
1133 2426 1246 2472 ναόν,
1277 2424 1318 2467 ὃς
1340 2425 1407 2461 νέα
1425 2425 1522 2472 μονὴ

87 2474 336 2518 κικλήσκεται,
370 2473 477 2515 θείας
506 2473 625 2519 πάσης
653 2473 793 2515 ποδέας
821 2471 983 2519 ἐψίλωσε.
1029 2475 1095 2508 alia
1122 2473 1225 2508 lectio
1254 2473 1363 2506 θείου
1385 2470 1525 2512 παντὸς

90 2517 244 2555 ἐπίπλου
263 2517 426 2565 ἐψίλωσε.
471 2531 513 2554 ex
541 2521 593 2553 his
618 2521 756 2554 coniicio
778 2518 843 2555 τὸν
863 2517 924 2554 ἐπὶ
945 2517 1083 2560 ποὸέας
1101 2529 1176 2553 esse
1198 2517 1255 2551 vel
1280 2518 1336 2561 qui
1358 2518 1525 2551 ecciesiae

90 2567 257 2611 stragulas
273 2571 404 2606 vestes,
428 2565 503 2600 sive
526 2565 627 2599 muris
649 2566 723 2599 sive
749 2565 910 2600 altaribus
933 2565 1107 2607 ornandis,
1140 2564 1201 2597 sub
1225 2573 1283 2595 sua
1306 2563 1525 2607 dispositione

90 2617 239 2652 teneret,
265 2612 319 2645 vel
343 2611 399 2656 qui
421 2614 554 2644 sanctas
579 2610 739 2654 imagines
756 2611 844 2645 fictis
865 2611 1018 2645 vestibus
1039 2610 1315 2651 circumtegeret‚
1352 2608 1406 2641 vel
1429 2609 1525 2642 deui-

90 2668 177 2703 que,
210 2657 296 2702 quod
329 2657 451 2690 certius
488 2661 642 2698 autumo,
674 2656 790 2690 limbos
819 2656 1063 2702 pontificiarum
1087 2653 1230 2687 vestium
1256 2653 1390 2687 honoris
1413 2655 1524 2698 gratia

90 2703 215 2736 soleret
238 2714 258 2736 e
278 2708 369 2736 terra
390 2703 528 2744 tollere,
552 2701 641 2746 quod
665 2712 781 2735 munus
802 2702 891 2747 apud
909 2712 970 2735 nos
991 2699 1200 2744 magnatibus
1223 2709 1244 2732 a
1265 2698 1372 2732 servis
1393 2699 1523 2744 pueris-

92 2757 159 2792 que
180 2748 365 2782 honorariis
396 2750 603 2792 praestatur,
633 2746 685 2779 cui
703 2747 809 2780 'etiam
840 2745 1050 2791 exsequendo
1076 2744 1219 2777 officium
1243 2745 1439 2779 mandatarii
1462 2756 1524 2777 no-

93 2793 180 2826 mine
201 2793 350 2837 pontifex
373 2803 512 2826 summus
536 2795 571 2825 et
590 2791 775 2826 cardinales
792 2793 970 2826 voluerunt
990 2791 1024 2824 in
1040 2790 1191 2823 Romana
1210 2789 1303 2822 curia
1322 2789 1524 2824 institutum.

93 2838 315 2872 coniecturam
337 2838 550 2882 {approbavit
581 2837 744 2873 Antonius
777 2837 889 2873 Cralis
918 2841 1136 2878 memoratus,
1167 2834 1210 2868 ab
1235 2834 1336 2870 altari
1358 2842 1468 2870 tamen
1491 2839 1528 2868 et

150 2890 271 2924 Codin.
299 2890 495 2934 Guropalat.
523 2889 566 2925 de
594 2890 692 2933 Offic.
1205 2882 1256 2922 11
