1832 3178
343 198 419 241 DE
452 199 684 244 OFFICIIS
719 202 796 245 GP.
829 202 942 246 GAP.
967 202 1114 247 XVII.
1142 203 1308 248 XVIII.
1495 206 1562 252 99

116 328 250 363 στικος
269 311 310 354 ἓν
330 315 388 371 τῷ
407 309 647 370 προσήκοντι
669 314 779 372 αὐτῷ·
797 311 908 372 τόπῳ
923 315 1025 370 μετὰ
1043 321 1123 360 τῶν
1140 316 1273 361 ἄλλων
1293 323 1562 375 συγκλητικῶν

115 381 368 434 ἇνακξίμενος
387 382 454 424 καὶ
474 381 595 431 αὐτὸς
617 380 833 436 εὐωχεῖται.
901 381 927 438 ἦ
947 384 1174 440 τοιαύτηὸδὲ
1191 386 1304 438 τάξις
1323 387 1562 445 ἀπαραλλάὲ

115 465 217 500 κτως
232 450 378 505 γίνεται
397 450 464 491 καὶ
482 449 524 492 ἓν
541 456 627 499 τοῖς
645 449 791 504 γάμοις
810 454 890 494 τῶν
901 454 1115 505 βασιλέων.

243 517 388 560 Ἰστέον
402 517 447 559 δὲ
463 519 531 560 καὶ
548 522 688 569 τοῦτο,
729 517 791 561 ὅτι
811 517 833 560 ὅ
850 521 1042 572 βασιλεὺς
1059 522 1102 564 ἓν
1119 525 1171 578 τῇ
1189 520 1380 577 εὖωχήσει
1399 524 1446 567 τὸ
1464 522 1561 566 ἔαυ-

83 589 189 630 5τοῧ
215 592 339 642 φορεῖ
361 585 542 640 στέμμα,
584 588 619 628 εἰ
648 588 964 642 προεστεμμὲνος
995 591 1090 632 ἔστί.
1158 589 1338 646 κάθηται
1369 594 1414 635 δὲ
1440 594 1482 636 ἐν
1510 598 1562 650 τῇ

115 651 337 713 ἅναβιίθρᾳ
354 651 482 704 οὕτως
496 651 551 704 ὥς
567 654 608 696 ἓν
626 658 676 711 τῇ
693 658 946 715 στεφηφορίᾳ
967 660 1213 714 προείρηται.

247 723 332 764 Δεῖ
355 722 400 764 δὲ
423 719 626 777 γινώσκειν
649 724 715 764 καὶ
735 727 879 774 τοῦτο,
913 723 975 767 ὅτι
998 723 1167 781 ὁπηνίκα
1199 733 1323 783 φορεῖ
1343 726 1390 770 τὸ
1415 725 1561 770 ἑαυτοῦ

115 790 274 845 στέμμα
291 787 312 832 ὃ
330 788 560 844 βασιλεύςῆ
579 792 621 832 ἓν
638 791 857 846 προβλήσει
875 793 1127 851 πατριάρχου
1142 794 1168 849 ἢ
1190 793 1386 838 δεσπότου
1402 793 1435 850 ἢ
1454 795 1557 838 καθ’

116 850 206 902 οἵαν
230 856 282 913 δή
306 875 397 901 τινα
418 859 559 916 χρείαν
590 858 727 913 ἄλλην,
779 859 976 914 συνήθειά
1006 863 1090 904 ἐστι
1115 866 1394 919 παρίστασθαι
1431 861 1562 921 τούτῳ

63 934 106 969 10
117 928 312 984 τέσσαρας
331 925 411 968 ἀπὸ
427 931 507 968 τῶν
524 927 782 983 ἐντιμοτέρων
804 927 1008 982 ἀρχόντων
1030 935 1102 984 τῆς
1119 933 1342 982 πολιτείας,
1389 930 1466 974 ἀνὰ
1488 930 1561 974 δύο
1585 934 1614 968 Ρ
1641 934 1707 969 128

117 998 158 1047 ἐξ
176 995 364 1051 ἑκατέρου
380 994 551 1051 μέρους,
590 999 817 1052 φοροῦντας
829 997 903 1050 μὲν
919 997 1148 1054 ἔπιλούρικα
1163 1004 1300 1055 χρυσᾶ
1321 1002 1390 1041 καὶ
1410 999 1565 1053 σκαρά-

110 1068 205 1108 ’νικα
223 1059 399 1114 κὸκκινα,
432 1063 671 1116 κατέχοντας
691 1064 734 1106 δὲ
752 1065 794 1106 ἕν
806 1067 946 1120 χερσὶν
965 1066 1124 1109 ἕκαστοι
1146 1067 1297 1110 ἀσπίδα
1319 1067 1567 1124 στρογγύλην

115 1132 386 1189 γεγραμμένον
411 1130 482 1174 τὸν
505 1132 676 1184 βασιλέα
699 1131 869 1185 ἔχουσαν
896 1132 1082 1190 ἔφιππον,
1111 1137 1178 1177 καὶ
1195 1133 1403 1191 κοντάριον
1420 1153 1566 1193 κεχρυ-

117 1201 294 1254 σωμένον
320 1199 409 1254 ἕχον
428 1199 475 1242 τὸ
496 1197 626 1250 ξύλον.
691 1199 743 1242 τὰ
762 1201 836 1254 μὲν
856 1195 927 1243 οὖν
946 1202 1136 1260 κοντάρια
1156 1208 1284 1246 ταῦτα
1303 1202 1566 1258 ὀνομάζονται

64 1279 106 1315 15
116 1269 333 1326 ῥομφαΐαι,
368 1267 406 1310 οἱ
428 1268 472 1310 δὲ
492 1268 723 1323 κατέχοντες
744 1268 1134 1329 ῥομφαιοκράτορες..

499 1421 1037 1486 Κεφάλαιον
1105 1422 1175 1487 ιη’.
1590 1429 1709 1465 P136

555 1511 648 1557 Περὶ
669 1510 905 1559 προβλήσεως
927 1510 1123 1548 δεσπότου.

252 1610 448 1650 Ποιοῖσιν
468 1607 508 1649 ἓν
525 1612 583 1665 τῷ
598 1610 795 1665 τρικλίνῳ,
829 1607 931 1651 ἔνθα
953 1608 974 1650 ὃ
995 1608 1206 1662 βασιλικὸς
1221 1608 1383 1650 ἵσταται
1404 1605 1567 1663 θρόνος,

119 1672 358 1732 διάφραγμα
389 1675 458 1717 διὰ
485 1678 684 1729 βλαττίων
706 1681 871 1732 χρυσῶν
899 1674 968 1718 τόν
997 1693 1039 1719 τε
1071 1674 1221 1734 θρόνον
1244 1677 1479 1732 διαχωρίζον
1501 1679 1567 1717 καὶ

206 1814 254 1894 ἐξ
285 1810 438 1892 κοντέξρι
468 1812 520 1857 Α,
552 1811 747 1858 κοντοὶριον
775 1810 853 1858 ἥως
881 1813 976 1858 δόρυ
1007 1815 1036 1847 Ρ
1220 1815 1263 1848 14
1284 1810 1461 1857 κοντάρια
1492 1810 1569 1859 ἥως

233 1871 351 1904 ορατα

115 1994 258 2028 magnus
288 1983 494 2018 domesticus
525 1982 561 2016 in
595 1982 670 2016 loco
703 1982 771 2017 sibi
802 1982 920 2017 debito
953 1994 1028 2016 cum
1059 1981 1136 2017 aliis
1160 1981 1329 2016 senatorii
1353 1982 1484 2017 ordinis
1508 1994 1568 2016 ac-

117 2031 278 2064 cumbens
301 2029 462 2074 epulatur
493 2034 529 2062 et
558 2028 649 2074 ipse.
696 2035 732 2063 et
755 2029 811 2063 hic
835 2030 919 2063 ordo
944 2035 1106 2064 servatur
1130 2029 1234 2063 etiam
1257 2028 1334 2062 sine
1358 2028 1426 2062 ulia
1449 2028 1569 2063 varia-

115 2075 212 2110 tione
234 2075 271 2108 in
292 2075 534 2120 imperatorum
556 2073 699 2119 nuptiis.

208 2120 393 2154 Sciendum
417 2125 454 2154 et
476 2119 564 2163 hoc,
593 2119 835 2165 imperatorem
865 2117 1140 2154 benedictionem
1163 2119 1351 2165 nuptialem
1377 2117 1572 2162 suscipien-

119 2171 188 2200 tem
209 2166 304 2200 ferre
326 2176 421 2199 suam
448 2176 619 2207 coronam,
643 2165 675 2199 si
698 2165 792 2210 prius
817 2172 1002 2199 coronatus
1022 2165 1141 2199 fuerit.
1191 2165 1311 2199 eodem
1333 2170 1446 2198 autem
1470 2164 1571 2197 modo

119 2211 218 2246 sedet
235 2211 273 2245 in
298 2211 490 2245 anabathra
512 2222 579 2255 quo
603 2211 640 2244 in
663 2211 720 2244 die
744 2210 976 2245 coronationis
999 2222 1095 2253 suae,
1119 2215 1157 2245 ut
1178 2218 1281 2244 autea
1302 2210 1445 2244 dictum.

208 2257 324 2290 Nosse
346 2256 447 2290 etiam
474 2256 539 2290 hoc
568 2263 724 2302 oportet,
758 2257 863 2290 moris
896 2268 974 2290 esse
1007 2262 1046 2289 ut
1076 2256 1300 2301 imperatori,
1332 2254 1470 2299 quoties
1500 2253 1572 2286 fert

119 2313 216 2336 suum
239 2307 394 2346 stemma,
419 2302 495 2335 sive
517 2303 555 2335 in
579 2303 753 2336 creatione
778 2302 997 2347 patriarchae
1019 2301 1096 2336 sive
1113 2302 1292 2347 despotae,
1318 2301 1394 2334 sive
1411 2300 1455 2333 ob
1470 2298 1571 2331 aliam

119 2358 358 2392 quamcunque
379 2347 632 2391 necessitatem,
667 2347 837 2382 adsistant
859 2353 1022 2392 quattuor
1046 2358 1090 2381 ex
1111 2346 1393 2381 honoratioribus
1414 2343 1572 2389 proceri-

118 2395 183 2427 bus
208 2392 371 2438 politicis,
394 2393 462 2427 duo
487 2405 530 2426 ex
555 2392 711 2437 qualibet
734 2399 853 2438 parte;
877 2393 936 2438 qui
958 2396 1095 2438 gestant
1117 2403 1222 2426 aurea
1246 2390 1412 2436 epilorica
1434 2395 1471 2422 et
1493 2399 1571 2422 sca-

119 2438 240 2473 ranica
262 2438 435 2482 coccinea,
469 2443 655 2483 tenentque
676 2438 802 2483 singuli
824 2439 860 2472 in
883 2439 1039 2473 manibus
1063 2437 1210 2482 clipeum
1233 2436 1436 2477 rotundum,
1462 2444 1570 2478 eque-

120 2483 187 2518 stri
216 2483 435 2529 imperatoris
465 2483 614 2528 imagine
643 2483 844 2527 insignitum
875 2489 911 2518 et
944 2484 1076 2518 hastam
1107 2485 1266 2517 inaurato
1289 2480 1382 2524 ligno
1407 2485 1571 2512 constan-

121 2536 205 2564 tem.
251 2540 341 2574 quae
361 2530 484 2564 hastae
509 2534 676 2564 vocantur
696 2529 938 2576 rhomphaeam,
961 2535 998 2564 et
1020 2528 1080 2574 qui
1102 2540 1163 2564 eas
1185 2531 1318 2570 tenent,
1340 2524 1570 2572 rhomphaea-

122 2581 290 2610 crateres.

660 2665 888 2722 Caput
956 2667 1021 2707 18.

610 2733 661 2766 De
704 2735 876 2768 creatione
913 2733 1083 2776 despotae.

213 2800 365 2836 Faciunt
398 2799 434 2833 in
464 2798 637 2842 triclinio,
671 2798 731 2834 ubi
764 2804 834 2834 stat
866 2796 1110 2844 imperatorius
1142 2795 1307 2838 thronus,
1346 2793 1572 2840 sepimentum

125 2846 241 2880 aureis
263 2846 476 2892 splendidum
500 2845 634 2890 pannis,
657 2845 748 2891 quod
774 2846 934 2880 thronum
958 2851 994 2878 et
1015 2841 1327 2877 circumstationem
1351 2846 1504 2886 separat.
1537 2846 1574 2873 et
