1864 3164
294 154 392 203 374
503 154 777 201 GRETSERI
797 155 868 199 ET
892 153 1066 199 GOARI
1083 150 1521 198 COMMENTARIUS

295 264 460 298 excellere
480 263 647 308 dignitate
668 262 884 309 profitentur.
930 261 1186 297 Cantacuzeuus
1210 261 1230 296 1
1263 260 1304 296 52
1331 256 1399 296 οὔκ
1417 256 1507 301 ἔθος
1532 258 1734 306 βασιλεῦσιν

293 305 552 352 ἐξανίστασθαι
577 306 750 349 ἰδιώταις.

389 376 435 411 ib.
459 389 493 411 v.
509 377 543 412 8.
571 372 646 411 ἀπὸ
669 375 741 410 τῶν
763 370 978 418 ἀξιωμάτων
1001 373 1071 418 τις]
1104 372 1194 408 aliud
1220 372 1257 406 in
1277 370 1354 406 aula
1375 369 1435 406 ΟΡ
1457 371 1619 417 dignitas.
1644 370 1734 406 aliud

298 422 456 457 officium.
478 422 671 466 dignitatem
695 431 798 462 voco,
830 430 897 465 qua
927 420 1065 453 obtenta
1095 419 1184 453 solus
1209 418 1316 452 honor
1345 417 1548 463 acquiritur,
1574 417 1736 461 officium,

297 468 386 513 quod
410 467 604 501 ministeriis
621 467 654 500 in
679 465 838 511 principis
860 465 914 498 vel
936 464 1058 510 publici
1080 465 1203 498 bonum
1222 462 1432 509 impenditur.
1465 463 1543 518 quid
1566 463 1737 509 praestitit

296 512 434 558 imperio
456 514 705 547 sebastocrator
735 510 1066 556 panhybersebastus
1094 510 1257 544 Sebastus
1284 513 1321 542 et
1348 513 1403 542 tot
1430 509 1504 550 alii,
1543 508 1586 542 de
1614 508 1737 553 quibus

297 564 417 593 auctor
442 558 576 602 saepius
599 554 666 591 οὐκ
685 554 882 600 ἐνεργεῖται
901 555 958 589 vel
979 553 1248 599 ἀνεπίγνωστον
1274 553 1424 600 scripsit,
1457 554 1522 590 nisi
1545 557 1584 588 ut
1605 553 1738 588 delatos

296 605 442 638 honores
463 603 696 644 admitterent,
727 601 821 646 rogis
852 601 999 646 acceptis
1028 601 1248 635 corroderent
1279 600 1465 642 aerarium,
1493 599 1570 633 vani
1598 599 1739 633 nominis

296 648 523 695 appellatione
551 648 765 693 gauderent?
796 647 858 682 hos
886 646 1023 693 proprie
1054 643 1242 691 ἀξιώματα
1272 649 1307 679 et
1336 641 1600 691 ἀξιωματικούς
1629 644 1739 678 dictos

295 693 468 739 reperies,
493 693 574 728 alios
596 690 861 737 ὄφφικιάλιδας
881 692 937 726 vel
960 688 1150 735 ἄρχοντας.
1197 691 1349 725 Zonaras
1373 691 1408 726 in
1440 690 1567 726 Basilio
1588 694 1624 725 et
1645 690 1740 724 Con-

296 739 461 774 stantino:
487 751 581 783 παρε
606 737 807 783 ωρήθησαν
835 736 928 782 ἔχειν
949 733 972 773 ὃ
994 734 1042 771 ἄν
1065 735 1216 776 ἕκαστος
1245 731 1282 778 ἐξ
1308 731 1450 772 ἐκείνου
1474 735 1742 779 τυραννοῦντος

296 782 458 829 εἰλήφει,
482 784 554 819 εἴτε
577 752 616 819 ἔν
639 781 758 826 ἀξίαις
780 776 828 828 ἦν
843 783 915 818 εἴτε
941 779 982 817 ἐν
1004 779 1134 827 ἀρχαῖς
1155 782 1227 816 εἴτε
1248 779 1372 826 μέντοι
1391 777 1430 817 ἐν
1452 780 1608 826 κτήσεσι.
1632 791 1742 815 annun

295 829 465 875 stipendia
479 830 549 864 sive
564 829 740 875 pensiones
756 829 837 863 viris
852 829 886 863 in
901 828 1062 873 dignitate
1074 827 1264 862 constitutis
1279 827 1401 871 colligo
1417 827 1663 862 exComnenae
1678 826 1702 860 l.
1717 826 1741 862 3

295 875 371 908 loco
406 876 635 920 subobscuro,
671 885 738 920 quo
772 875 1014 908 Germanorum
1046 872 1238 919 imperatori
1267 875 1309 906 ab
1348 873 1467 907 Alexio
1501 871 1742 919 promittuntur

297 920 389 965 pacti
413 921 478 955 iam
502 921 588 955 inter
610 932 669 955 eos
692 920 759 954 acti
782 920 914 954 ratione
938 916 1044 963 ῥ’όγαι
1069 919 1142 952 τῶν
1166 914 1359 953 δοθέντων
1380 918 1495 954 εἴκοσι
1527 914 1742 964 ἀξιωμάτων

296 966 447 1001 virorum
469 966 599 1012 viginti
621 967 852 1011 dignitatibus
869 965 1146 1010 praecellentium
1164 964 1347 1008 stipendia.

388 1034 434 1068 ib.
460 1045 495 1068 v.
516 1034 570 1069 15.
600 1033 668 1068 τοῦ
690 1028 919 1077 πατριάρχου
941 1029 1160 1076 δικανικίου]
1183 1041 1344 1077 nusquam
1365 1033 1519 1077 sceptra,
1545 1029 1606 1065 sed
1627 1034 1744 1075 pasto-

298 1079 391 1113 rales
415 1080 550 1113 baculos
572 1078 643 1113 sive
656 1079 748 1123 peda
765 1082 885 1122 gerunt
899 1076 1058 1111 ecclesiae
1075 1083 1240 1122 pastores.
1264 1077 1449 1112 δικανίκια
1463 1080 1584 1110 vocant
1602 1074 1745 1117 Graeci,

298 1135 340 1158 eo
363 1124 452 1169 quod
475 1130 511 1158 et
532 1124 597 1169 ipsi
619 1124 777 1159 iustitiam
803 1123 837 1158 in
868 1123 1019 1158 subditos
1043 1126 1213 1156 exercent.
1242 1122 1461 1167 πατερίσσαν
1482 1121 1660 1166 benignius
1682 1132 1746 1155 vo-

298 1175 378 1204 cant
410 1170 569 1204 hodierni.
607 1169 740 1203 doctius
768 1164 1023 1213 ἀρχιερατικὴν
1053 1164 1195 1213 ρἀδον
1229 1168 1341 1214 posuit
1371 1166 1633 1212 Euchologium:
1665 1163 1746 1201 εἶτα

299 1215 449 1249 δίδωσιν
484 1213 585 1262 αὐτῷ
613 1213 632 1248 ὃ
668 1212 853 1259 ἀρχιερεὺς
889 1210 1146 1259 ἀρχιερατικὴν
1185 1209 1346 1258 ῥ’ἀβδον,
1382 1210 1495 1258 λέγων
1526 1209 1622 1247 οὕτω
1654 1209 1748 1254 πρὸς

300 1257 437 1294 αὐτόν·
461 1258 548 1306 λάβε
570 1257 638 1304 τὴν
660 1257 824 1305 ῥὀἷβδον,
847 1259 909 1295 ἵνα
939 1257 1135 1304 ποιμαίνῃς
1163 1257 1206 1292 τό
1238 1255 1447 1302 ἔμπροσθέν
1477 1268 1545 1292 σου
1575 1257 1748 1302 ποιμνίον

299 1307 367 1340 τοῦ
389 1305 569 1347 Χριστοῦ,
591 1304 655 1339 καὶ
679 1308 758 1344 τοῖς
778 1302 845 1349 μὲν
867 1301 1098 1346 εὐπειθέσιν,
1133 1300 1222 1337 ἔστω
1244 1301 1372 1344 αὐτοῖς
1398 1300 1472 1338 ὑπό
1510 1314 1578 1337 σου
1611 1303 1747 1350 βακτη-

304 1351 365 1393 ρία
395 1350 458 1384 καὶ
486 1347 771 1395 ὖποστηριγμός,
804 1353 882 1389 τοῖς
914 1346 955 1383 δὲ
995 1346 1214 1383 ἀπειθοῦσιν
1245 1348 1308 1384 καὶ
1340 1345 1581 1394 εὖτραπήλοις
1609 1349 1747 1393 χρῆσον

301 1393 397 1442 αὐτῇ
421 1393 547 1442 ῥάβδῳ
570 1391 826 1442 ἐπιστυπτικῇ,
847 1392 974 1441 ῥάβδῳ
990 1391 1223 1436 παιδεύσεως.

391 1464 436 1496 ib.
460 1475 495 1498 v,
511 1465 567 1499 21.
589 1463 904 1508 πολυχρονίζουσι]
920 1474 962 1497 ex
977 1463 1041 1497 hac
1055 1462 1315 1506 consuetudine,
1336 1465 1375 1496 ut
1389 1473 1506 1496 recens
1517 1461 1670 1496 instituto
1685 1471 1749 1506 pn-

299 1509 470 1543 triarchae
506 1507 747 1554 πολυχρόνιον
786 1509 976 1550 ominatur,
1017 1508 1060 1542 de
1098 1510 1316 1554 Copronymo
1352 1513 1468 1542 narrat
1500 1508 1747 1553 Theophanen

298 1551 465 1598 ἀνῆλθεν
489 1556 767 1595 Κωνσταντῖνος
791 1550 832 1590 ἐν
853 1555 906 1600 τῷ
929 1551 1093 1600 ἀμβωνι,
1121 1555 1264 1598 κρατῶν
1287 1555 1566 1588 Κωνσταντῖνον
1587 1549 1751 1598 μοναχὸν

300 1596 501 1634 ἐπίσκοπον
524 1599 718 1644 γενόμενον
749 1601 815 1635 τοῦ
845 1601 1033 1644 Συλαίου,
1063 1597 1128 1634 καὶ
1158 1596 1400 1643 ἐπευξάμενος
1430 1596 1453 1633 ἔ
1535 1596 1671 1644 μεγάλῃ
1703 1597 1751 1644 τῇ

302 1646 414 1692 φωνῇ
432 1643 722 1693 “Κωνσταντι’νφ
747 1644 988 1693 οἰκουμενικῷ
1007 1643 1212 1691 πατριάρχῃ
1234 1641 1352 1679 πολλοὶ
1368 1640 1415 1679 τὰ
1456 1640 1536 1689 ‘ml’

394 1724 428 1758 p.
443 1714 506 1748 104
520 1725 551 1747 v.
565 1713 598 1749 5.
625 1709 822 1758 ἀπέρχεται
838 1710 1009 1758 ἴππότης]
1034 1713 1189 1747 restituto
1203 1712 1238 1746 in
1253 1712 1418 1754 thronum,
1433 1721 1540 1757 aeque
1555 1722 1597 1745 ac
1610 1709 1752 1756 primum

302 1758 477 1799 instituto,
500 1759 609 1804 Isaiae
635 1760 847 1805 patriarchae
869 1770 982 1803 parem
1017 1759 1174 1792 honorem
1207 1757 1359 1792 exhibuit
1392 1757 1499 1791 iunior
1530 1756 1754 1799 Andronicus,

303 1807 393 1837 teste
419 1805 656 1839 Cantacuzeno
686 1805 711 1840 l.
742 1807 760 1840 1
786 1816 816 1838 c.
848 1805 928 1841 ult.=
953 1801 1018 1838 καὶ
1042 1800 1247 1848 πατριάρχῃ
1271 1798 1402 1847 Ἡσαΐᾳ
1431 1798 1478 1836 δι’
1509 1798 1624 1836 αὐτὸν
1653 1797 1752 1846 ἔγκε-

303 1846 520 1893 κλειδμένῳ,
546 1846 635 1886 ὅσον
657 1861 696 1884 τε
723 1846 744 1883 ὁ
769 1846 897 1892 καιρὸς
926 1845 1055 1884 ἐδίδου
1089 1846 1366 1893 εὐχαριστήσας,
1399 1845 1462 1882 καὶ
1484 1845 1536 1888 εἰς
1557 1843 1599 1881 τὸ
1622 1858 1751 1889 πατρι-

306 1897 456 1938 αρχεῑον
477 1890 533 1938 ἐφ’
557 1895 673 1929 ἵππου
703 1895 894 1940 βασιλικῶς
924 1891 1194 1938 κεκοσμημένον
1229 1889 1395 1938 ἀγαγών,
1427 1888 1611 1937 ἐπανῆκεν
1641 1884 1754 1931 αὖθις

304 1936 359 1978 εἰς
391 1937 437 1973 τά
469 1940 642 1985 βασίλεια.
691 1940 901 1975 Gennadium
936 1940 1158 1984 patriarcham
1189 1944 1343 1973 recenter
1377 1944 1602 1972 consecratum
1629 1936 1754 1971 Maha-

305 1988 414 2018 metus
436 1986 568 2020 nomine
587 1985 775 2027 secundus,
809 1985 934 2031 primus
962 1985 1078 2030 Cpolis
1109 1984 1173 2018 sibi
1205 1984 1377 2017 subiectae
1407 1982 1548 2016 infidelis
1577 1986 1754 2026 tyrannus,

304 2027 639 2074 μετακαλεσάμενος
662 2028 772 2064 ἔνδον
795 2031 869 2064 τῶν
892 2030 1080 2075 βασιλείων
1103 2027 1218 2063 αὐτοῦ
1234 2026 1345 2068 ἰδίαις
1357 2026 1456 2072 χερσὶ
1478 2024 1638 2061 δέδωκεν
1653 2023 1758 2073 αὐτῷ

306 2073 520 2108 δεκανίκιον
542 2075 608 2117 (ita
630 2075 820 2120 corruptius
843 2076 1031 2117 profertur)
1055 2074 1193 2108 πολλοῦ
1215 2068 1340 2115 ἀξιον,
1371 2068 1455 2116 ἤτοι
1476 2067 1619 2118 ἆάβδον
1640 2068 1754 2116 dorv-

308 2119 399 2164 ρᾶν,
423 2117 802 2164 περικεχρυσωμένην,
829 2118 991 2164 ὡραίαν,
1013 2117 1077 2153 καὶ
1098 2118 1214 2153 ἵππον
1237 2114 1399 2163 ἀγαθόν,
1422 2115 1486 2152 καὶ
1506 2116 1616 2163 μέρος
1634 2117 1757 2163 χρυσί-

304 2175 381 2198 νων
402 2176 445 2198 ex
466 2165 631 2199 Chronico
654 2165 719 2211 Cp.

420 2236 457 2274 p.
477 2223 554 2266 104
573 2236 605 2262 v.
630 2224 689 2263 19.
722 2221 848 2261 Iunius
867 2222 958 2260 haec
977 2233 1052 2261 non
1065 2221 1197 2272 vertit,
1224 2222 1291 2260 sed
1308 2222 1455 2273 penitus
1475 2221 1617 2260 evertit.
1645 2223 1758 2260 scien-

307 2278 391 2317 dum
409 2283 460 2317 est
479 2280 568 2330 quod
581 2279 649 2318 alii
667 2280 856 2318 sacerdotes
874 2281 999 2317 summi
1011 2279 1202 2317 electionem
1213 2278 1390 2330 facientes
1403 2279 1586 2328 obsignant
1599 2278 1662 2316 bis.
1683 2290 1758 2328 pa-

310 2335 469 2374 triarcha
487 2336 690 2386 designatur
713 2336 843 2384 solum,
871 2337 954 2386 quia
973 2336 1016 2372 ab
1034 2337 1239 2386 imperatore
1259 2334 1370 2386 facta
1388 2334 1586 2385 designatio
1603 2336 1669 2385 vpro
1688 2334 1756 2371 mi-

310 2404 392 2429 nore
413 2392 532 2441 sigillo
547 2387 701 2430 ducitur}
730 2392 880 2442 corrige.
910 2391 1084 2429 sciendum
1098 2394 1148 2428 est
1163 2395 1277 2429 autem
1295 2391 1385 2429 alios
1401 2390 1593 2429 sacerdotes
1612 2401 1759 2426 summos

311 2446 400 2499 (hoc
423 2452 481 2485 est
511 2448 727 2499 episcopos,
769 2447 1062 2498 archiepiscopos
1093 2445 1183 2497 etc.)
1226 2447 1314 2496 eligi
1332 2459 1394 2498 per
1421 2446 1552 2497 duplex
1575 2445 1758 2495 sigillum;

311 2504 383 2541 hoc
410 2508 469 2541 est
482 2518 547 2555 per
572 2505 728 2554 duplicia
748 2504 926 2554 suffragia
945 2515 1005 2540 seu
1025 2506 1106 2540 vota
1127 2503 1332 2552 obsignata,
1358 2515 1417 2540 seu
1432 2514 1494 2553 per
1512 2501 1641 2552 duplex
1658 2512 1759 2538 scru-

312 2562 450 2598 tinium.
469 2559 543 2611 τήν
564 2559 636 2611 μὲν
657 2555 816 2612 πρώτην
838 2558 1035 2610 σφραγῖδα
1055 2560 1218 2598 καλοῦσι
1233 2553 1390 2611 μικράν.
1427 2559 1579 2608 primum
1600 2555 1760 2605 sigillum

315 2621 437 2653 vocant
455 2620 578 2655 minus.
649 2617 805 2667 primum
832 2615 1011 2666 sigillum,
1043 2614 1114 2652 hoc
1135 2618 1215 2664 est,
1254 2618 1295 2652 ut
1322 2614 1393 2651 iam
1422 2613 1588 2664 plerique
1611 2614 1760 2660 vocant,

317 2672 475 2723 primum
500 2675 728 2723 scrutinium,
764 2676 897 2710 vocant
920 2671 1049 2708 minus.
1106 2674 1146 2707 at
1177 2683 1264 2708 vero
1297 2669 1541 2720 patriarcham
1574 2667 1763 2719 (Cpolita-

317 2727 423 2778 num)
452 2742 519 2779 per
548 2741 660 2766 unum
685 2729 866 2768 duntaxat
883 2726 1063 2782 sigillum,
1092 2726 1161 2763 hoc
1192 2730 1250 2764 est
1273 2739 1346 2764 uno
1375 2725 1570 2773 scrutinio,
1606 2723 1762 2772 eligunt,

318 2795 362 2821 eo
395 2786 496 2833 quod
529 2781 743 2838 πρόβλησις
780 2798 847 2824 seu
882 2782 1104 2823 renuntiatio
1135 2782 1181 2820 ab
1212 2784 1431 2834 imperatore
1465 2782 1564 2819 sacta
1589 2778 1763 2831 suppleat
