1832 3178
546 186 819 236 GRETSERI
865 184 1220 231 PROOEMIUM.
1546 194 1593 224 ix

140 326 271 362 nactus
298 320 424 358 Iunius
453 331 477 357 a
503 318 731 367 marquardo
756 317 918 356 Frehero
943 317 1145 367 integriora
1170 315 1410 366 exemplaria,
1441 315 1594 353 adiectis

140 389 253 442 priori
285 387 438 426 editioni
467 386 610 435 aliquot
645 385 822 436 pagelliS,
864 384 998 434 quibus
1024 384 1174 422 lacunas
1206 382 1402 421 nonnullas
1419 382 1594 434 explevit,

141 467 276 495 nomen
301 467 410 492 suum
438 454 626 504 professus
652 453 1014 503 esgvcodinumque
1035 451 1198 490 Frehero
1216 451 1426 502 inscripsit,
1469 450 1525 489 ita
1551 454 1595 488 ut

141 522 369 576 Curopalata
394 522 466 558 iam
499 519 618 557 tn'bus
645 519 812 570 patronis
843 519 1004 570 stipatus
1031 519 1070 556 in
1096 518 1281 577 publicum
1307 518 1460 556 venerit.
1518 530 1596 556 me-

140 591 212 629 rito
233 594 358 628 tamen
379 587 583 639 culpandus
610 591 668 624 est
693 587 842 636 Iunius,
885 588 988 636 quod
1013 598 1148 624 novam
1174 586 1372 623 editionem
1390 598 1468 623 non
1486 586 1597 623 ador-

141 659 239 696 narit
260 662 300 696 et
326 670 350 695 a
378 668 419 694 se
446 654 556 705 pleno
579 667 686 692 sacco
713 667 864 706 sparsos
884 665 1026 691 errores
1054 666 1130 691 non
1149 653 1347 691 correxerit
1364 653 1514 691 adiutus
1535 666 1598 690 co-

143 724 284 762 dicibus
310 721 553 761 bibliothecae
571 721 762 759 Palatinae
786 724 826 759 et
856 720 1057 771 Raphaelis
1087 720 1215 758 Seileri
1240 719 1460 771 exemplari,
1493 720 1598 769 quod

141 797 223 830 erat
239 791 495 843 apographum
513 790 643 841 optimi
661 789 796 828 codicis
814 786 1044 838 Augustani:
1071 800 1158 825 nam
1177 787 1364 826 Codinum
1379 787 1466 825 olim
1483 787 1599 824 fuisse
1675 790 1678 792 ’

141 860 181 897 in
212 858 434 896 bibliotheca
459 855 618 906 inclytae
643 855 698 893 rei
724 854 892 906 publicae
917 853 1160 905 Augustanae
1201 855 1309 893 testis
1349 858 1409 893 est
1441 854 1599 894 Wolfius

142 927 369 978 praefatione
393 925 442 963 ad
474 922 646 961 Nicetam
673 925 714 960 et
736 922 818 972 ipse
835 921 1020 972 Seilerus,
1053 922 1118 972 qui
1135 922 1222 959 inde
1241 921 1383 960 Graeoe
1401 922 1598 973 descripsit

140 998 181 1032 et
199 993 334 1032 Latine
355 991 492 1040 vertit,
524 990 673 1028 tametsi
699 989 903 1028 versionem
928 1002 1034 1028 suam
1060 990 1100 1027 in
1128 989 1261 1040 vulgus
1289 989 1388 1027 exire
1405 1001 1597 1039 nunquam

141 1061 316 1112 permisit.
371 1060 454 1097 dico
472 1057 560 1096 olim
578 1058 711 1095 fuisse:
738 1058 811 1095 iam
829 1058 927 1096 enim
956 1070 1033 1096 non
1057 1061 1134 1108 est,
1171 1058 1240 1096 sed
1263 1057 1419 1095 amissus
1438 1061 1518 1107 est,
1553 1061 1598 1094 nt

139 1133 229 1166 ante
253 1127 396 1177 aliquot
430 1137 550 1163 annos
590 1136 636 1162 ex
657 1124 881 1175 amplissimo
914 1125 1063 1163 domino
1095 1124 1226 1163 Marco
1253 1124 1422 1164 Welsero
1442 1124 1480 1162 II
1519 1124 1598 1161 viro

141 1195 363 1245 Augustano
397 1192 580 1231 intellexi:
620 1192 783 1230 noecitur
810 1179 912 1230 euius
938 1192 1165 1243 negligentia
1200 1192 1261 1230 vel
1286 1192 1418 1230 fraude
1437 1191 1599 1243 perierit.

140 1265 201 1299 tot
233 1273 324 1312 ergo
355 1261 529 1300 subsidiis
551 1261 753 1298 instructus
791 1259 938 1311 Iunius,
971 1261 1189 1312 praesertim
1214 1259 1456 1298 translatione
1483 1257 1602 1295 Seile-

138 1328 264 1378 nana,
293 1327 454 1366 debebat
474 1328 662 1366 Codinum
682 1341 705 1366 a
731 1327 854 1378 capite
883 1328 934 1366 ad
961 1328 1096 1366 calcem
1122 1339 1409 1379 recognoscere,
1442 1325 1603 1377 plurima

138 1398 180 1432 et
205 1395 422 1446 gravissima
460 1397 598 1435 menda
633 1397 856 1445 emendare,
913 1395 1121 1445 librumque
1156 1395 1204 1434 ab
1235 1395 1420 1434 erroribus
1446 1393 1602 1431 liberum

140 1461 268 1500 lectori
305 1475 523 1514 proponere.
578 1477 707 1502 verum
739 1463 831 1502 nihil
861 1463 995 1502 horum
1024 1464 1239 1516 praestitit,
1284 1463 1356 1501 nisi
1387 1461 1514 1511 quod,
1558 1462 1604 1496 ut

141 1532 253 1567 antea
283 1530 436 1582 dictum,
466 1533 641 1583 pauculas
675 1531 841 1583 pagellas
861 1531 1001 1582 primae
1026 1544 1070 1569 ac
1089 1531 1393 1570 mendosissimae
1412 1539 1502 1566 suae
1524 1526 1605 1563 edi-

142 1596 235 1634 tioni
261 1599 399 1647 assuit,
431 1604 577 1638 mutato
603 1599 738 1648 titulo,
776 1598 906 1635 addito
938 1610 1036 1635 novo
1063 1602 1223 1649 patrono
1254 1597 1504 1648 appositoque
1533 1606 1604 1631 suo

142 1663 301 1701 nomine.
363 1675 440 1713 quo
465 1666 548 1716 ipso
575 1666 699 1703 sucum
725 1664 923 1702 lectoribus
949 1665 1058 1715 fecit,
1108 1664 1215 1714 quasi
1240 1676 1376 1702 novam
1404 1662 1605 1701 editionem

143 1734 353 1780 promeret,
385 1742 486 1770 anno
510 1733 632 1782 1596,
666 1743 750 1769 cum
775 1743 853 1768 non
874 1731 987 1769 fuerit
1013 1743 1111 1770 nova
1140 1731 1208 1768 sed
1236 1731 1374 1782 prima,
1409 1730 1472 1768 illa
1497 1728 1605 1767 nimi-

141 1807 224 1834 rum
249 1796 332 1846 ipsa
359 1808 456 1846 quae
481 1810 580 1836 anuo
612 1797 720 1838 1588
750 1797 951 1849 prodierat.

253 1861 314 1901 De
353 1876 438 1902 mea
470 1864 634 1902 editione
670 1868 710 1902 et
747 1865 1017 1903 commentariis
1054 1877 1131 1904 non
1171 1864 1291 1903 habeo
1327 1864 1431 1914 quod
1471 1862 1602 1900 dicam.

141 1941 283 1979 aequos
302 1930 458 1969 lectores
475 1930 611 1970 laboris
630 1932 702 1969 mei
717 1932 876 1971 arbitros
898 1945 980 1971 esse
998 1931 1094 1970 volo.
1149 1945 1290 1982 aequos
1307 1932 1481 1981 inquam:
1514 1941 1603 1967 nam

141 1996 289 2046 iniquos
308 2010 385 2036 non
408 2010 543 2037 moror.
599 1998 632 2036 si
665 2000 757 2048 quid
785 2004 969 2038 mutatum
1001 2000 1077 2049 sit,
1112 2000 1214 2037 cuius
1245 2000 1341 2038 ratio
1359 2000 1399 2036 in
1417 2010 1602 2036 commen-

144 2064 247 2101 tariis
266 2076 343 2102 non
368 2065 558 2115 redditur,
579 2067 727 2104 noveris
752 2066 791 2104 id
821 2071 888 2105 aut
909 2079 954 2105 ex
978 2066 1125 2105 duobus
1152 2067 1275 2106 Boicis
1293 2070 1332 2105 et
1350 2065 1602 2105 Lautheriano

143 2130 328 2168 codicibus
348 2135 414 2170 aut
432 2143 476 2170 ex
495 2133 690 2183 perspicua
708 2133 851 2172 ratione
878 2134 1046 2186 petitum.
1103 2134 1185 2173 vale
1208 2134 1373 2186 feliciter,
1406 2134 1457 2173 mi
1475 2133 1603 2174 lector.

142 2196 362 2249 Ingolstadii
381 2210 480 2238 anno
497 2199 627 2239 salutis
649 2199 768 2243 1620.
