1864 3164
265 162 362 221 426

310 291 382 316 mus
425 281 476 316 sui
514 282 680 326 catalogi,
718 283 775 316 vel
814 286 971 328 respectu

311 338 447 369 eorum,
464 335 554 373 'quos
577 329 664 362 infra
687 339 725 362 se
755 328 878 370 habet,
915 329 971 362 vel

310 373 367 417 qni
393 378 529 418 praeest
562 374 699 408 archivo
731 373 841 407 socius
872 374 971 407 char-

309 419 494 498 topihylacis
522 419 600 455 154.
636 420 690 454 vel
722 419 796 465 ipse
819 419 969 454 notarius

308 466 357 498 ibi
378 489 392 498 ›.

263 510 421 556 princeps
453 510 601 555 equitum
633 510 785 556 superior
816 511 970 557 protalo-

280 562 298 581 ⁹
313 561 432 600 gatore
454 558 532 590 200.

264 602 421 647 princeps
449 610 608 645 magnus,
642 600 734 635 offic.
759 601 804 637 35
827 601 969 647 palatin.

309 649 369 690 10,
397 648 448 681 15.
475 649 666 680 ornamenta
691 648 756 690 23,
791 649 846 684 18.
871 650 971 681 vacat

306 691 523 726 ministerium
564 692 632 733 39,
679 693 709 726 1.
759 692 969 738 principibus

308 738 437 780 magnis
460 738 574 771 literas
606 737 739 772 mittens
762 738 841 784 imp.
865 738 971 772 utitur

308 783 464 827 plumbea
486 785 578 817 bulla
599 783 664 817 34.
691 784 726 818 8.

261 839 422 873 proceres
442 829 541 863 aulici
564 829 603 870 6,
630 831 672 864 16
687 841 757 874 sqq.
783 840 895 864 eorum
913 841 970 864 or-

306 882 479 918 namenta,
506 874 707 908 vestimenta
742 877 803 916 13.
836 878 858 910 5
895 887 968 920 sqq.

309 922 375 962 17,
398 920 420 954 6
444 932 515 965 sqq.
551 920 733 954 ministeria
759 923 825 965 28,
852 923 875 956 5
897 933 970 966 sqq.

310 977 424 999 omnes
448 977 468 999 a
494 977 613 1010 magno
645 966 828 1000 domestico
862 977 970 1012 usque

307 1011 348 1044 ad
374 1022 528 1055 magnum
561 1012 776 1055 drungarium
811 1013 970 1046 excubia·

308 1068 402 1100 rum,
438 1062 475 1090 ut
513 1057 627 1101 lubet,
661 1058 827 1093 cabbadia
858 1060 971 1092 ferunt

309 1108 345 1135 et
379 1102 540 1147 epilorica
571 1105 634 1144 22,
675 1104 803 1139 3-6.
839 1104 970 1149 pedites

309 1148 539 1191 ingrediuntur
569 1154 604 1182 et
645 1149 861 1192 egrediuntur
893 1150 969 1184 aula

308 1195 376 1234 30,
403 1197 433 1228 1.
459 1197 492 1229 2.
517 1194 561 1228 ad
586 1206 645 1228 eos
669 1196 731 1229 sub
755 1196 848 1230 bulla
862 1196 971 1242 plum·

309 1239 373 1272 bea
394 1239 510 1272 literas
533 1241 612 1284 imp.
637 1240 692 1274 dat
707 1241 771 1282 34,
794 1244 825 1276 8.
842 1242 886 1275 ad
902 1242 970 1275 cir-

307 1285 558 1318 cumstationem
582 1292 745 1319 vocantur
767 1286 829 1325 34,
854 1288 908 1321 22.
934 1289 970 1321 et

306 1330 367 1363 sub
398 1341 511 1364 mensa
543 1333 606 1373 60,
639 1331 672 1366 3.
703 1330 739 1364 in
772 1332 970 1366 circumsta-

306 1375 398 1408 tione
420 1381 531 1409 certus
564 1377 603 1410 iis
639 1376 730 1410 locus
765 1378 830 1420 37,
866 1380 899 1413 2.
933 1377 969 1411 in

305 1421 455 1454 oratorio
479 1421 566 1455 idem
591 1421 695 1462 ordo,
727 1423 783 1467 qui
806 1422 841 1456 in
863 1422 970 1456 tricli-

303 1465 358 1499 nio
382 1468 447 1511 49,
472 1469 506 1503 6.
545 1467 727 1501 eorundem
761 1468 902 1502 amictus
933 1471 969 1502 et

305 1511 448 1554 insignia
472 1512 505 1545 in
528 1513 622 1556 vigil.
649 1513 782 1548 nativit.
813 1512 878 1556 47,
913 1514 968 1548 12.

306 1557 348 1591 ad
374 1569 518 1591 mensam
555 1558 677 1592 multos
713 1559 790 1604 imp.
826 1570 969 1604 precan-

305 1609 362 1636 tur
386 1614 490 1638 annos
516 1604 582 1646 55,
612 1604 664 1641 15.
686 1603 729 1639 iis
752 1604 889 1639 totidem
913 1616 969 1639 re-

307 1654 467 1693 precatur
497 1649 574 1694 imp.
597 1650 683 1684 ibid.
710 1651 765 1685 16.
790 1661 833 1683 ex
856 1661 969 1685 mensa

305 1694 428 1728 tollunt
456 1696 582 1729 fercula
607 1697 671 1737 58,
697 1700 727 1730 1.
753 1697 817 1738 61,
843 1699 895 1732 16.
916 1700 969 1730 est

302 1739 346 1773 iis
370 1745 521 1785 potestas
547 1741 677 1775 ferendi
704 1741 870 1785 lapatzam
894 1753 968 1776 cum

305 1785 438 1829 cingulo
463 1793 498 1820 et
523 1787 660 1820 manicis
684 1798 705 1820 a
728 1792 827 1831 tergo
855 1787 968 1832 illiga-

305 1830 350 1865 tis
374 1832 440 1873 63,
474 1834 526 1869 20.
562 1833 648 1866 festo
685 1833 865 1877 palmarum
899 1833 969 1867 usi-

306 1879 378 1909 tata
401 1877 516 1911 ferunt
539 1878 727 1921 gestamina
749 1880 815 1918 67,
841 1879 893 1914 19.
920 1877 970 1912 uti

306 1928 343 1954 et
366 1922 451 1955 feria
475 1923 592 1966 quinta
621 1935 763 1967 magnae
787 1923 969 1957 hebdoma-

307 1967 356 1999 dis
390 1969 451 2010 71,
483 1971 515 2003 9.
552 1969 584 2002 ἰη
619 1980 799 2013 parasceue
823 1971 887 2010 72,
915 1970 967 2003 19.

305 2012 449 2056 denique
480 2013 513 2047 in
547 2016 705 2058 paschate
746 2016 808 2058 73,
845 2016 902 2050 10.
934 2018 969 2048 et

305 2063 502 2101 pentecoste
524 2058 594 2100 77,
613 2061 667 2094 22.
693 2060 754 2093 sub
781 2059 894 2093 officio
916 2059 970 2092 vi-

306 2103 408 2146 giliae
432 2113 633 2146 parasceues
659 2109 693 2138 et
714 2105 858 2138 lectione
881 2104 967 2137 duo-

306 2147 411 2180 decim
457 2149 705 2192 evangeliorum
753 2150 874 2182 dantur
918 2148 967 2181 eis

307 2193 395 2226 cerei
419 2195 483 2232 71,
512 2197 566 2229 16.
591 2195 786 2227 honoratior
805 2193 967 2238 quispiam

305 2239 349 2272 ab
371 2238 448 2283 imp.
473 2238 655 2284 lampadem
679 2239 890 2284 interruptim
909 2249 967 2271 ac-

306 2283 391 2328 cipit
412 2284 495 2318 ibid.
526 2285 580 2319 18.
607 2285 640 2318 in
666 2286 824 2329 paschate
846 2284 966 2318 iterum

307 2340 423 2363 cereos
445 2330 615 2375 accipiunt
645 2331 709 2374 73,
744 2331 797 2364 14.
829 2334 864 2363 et
886 2329 966 2374 imp.

305 2386 445 2419 genam,
473 2387 602 2409 manum
627 2381 663 2409 et
679 2375 796 2420 pedem
813 2375 968 2409 dextrum

308 2421 502 2455 osculantur
534 2422 598 2464 74,
631 2423 685 2456 17.
717 2420 829 2465 ibique
862 2419 968 2454 thuris

309 2466 425 2500 suffitu
450 2468 654 2500 honorantur
671 2477 692 2500 a
707 2467 895 2512 patriarcha
910 2467 968 2508 76,

307 2513 361 2546 18.
388 2517 422 2545 et
447 2512 593 2554 ipsorum
621 2513 694 2546 loco
727 2511 967 2546 circumstatio-

308 2568 382 2590 nem
408 2558 532 2591 faciunt
555 2557 705 2603 episcopi
728 2560 791 2599 77,
814 2560 845 2592 8.
860 2557 894 2590 in
910 2557 967 2590 be-

307 2602 494 2636 nedictione
527 2609 697 2638 menstrua
724 2607 802 2637 ante
834 2607 869 2636 et
891 2606 968 2648 post

306 2647 531 2682 inunctionem
553 2649 633 2694 imp.
651 2649 770 2683 multos
785 2649 969 2682 acclamant

306 2704 411 2726 annos
445 2695 507 2736 79,
543 2696 574 2729 5.
613 2697 667 2730 10.
714 2706 812 2728 mane
843 2703 967 2728 summo

306 2739 509 2772 conveniunt
547 2744 581 2773 et
620 2739 844 2773 coronandum
889 2739 967 2783 imp.

307 2785 349 2818 ad
372 2796 401 2818 s.
430 2784 577 2829 Sophiae
601 2785 770 2818 deducunt
793 2787 858 2827 86,
876 2786 909 2821 7.
927 2795 969 2818 ex

304 2829 346 2864 iis
372 2829 552 2864 nobiliores
578 2835 694 2864 tenent
717 2830 792 2876 imp.
816 2831 850 2864 in
875 2834 968 2865 scuto

856 175 1134 221 GRETSERI

1061 281 1232 317 sedentm
1255 282 1321 325 88,
1339 283 1395 317 20.
1413 293 1487 317 cum
1501 283 1579 328 imp.
1595 293 1717 318 ascen·

1059 329 1141 362 dunt
1164 327 1199 362 in
1221 329 1395 362 ambonem
1418 329 1580 363 ecclesiae
1594 341 1716 374 proce-

1058 385 1115 408 res
1131 373 1174 408 89
1187 399 1197 415 ,
1213 374 1267 409 23.
1286 385 1419 408 mensae
1434 374 1621 408 ministrant
1636 375 1715 419 imp.

1059 421 1124 460 97,
1146 420 1201 454 20.
1223 419 1258 452 in
1285 430 1344 454 eos
1365 429 1468 454 aurea
1488 420 1616 464 spargit
1635 420 1717 465 imp.

1061 465 1257 500 numismata
1279 466 1341 509 98,
1377 466 1408 500 8.
1444 471 1603 511 quattuor
1641 466 1716 510 cly-

1059 511 1153 556 peati
1186 511 1324 545 adstant
1359 510 1438 556 imp.
1476 517 1616 546 stemma
1654 516 1718 554 ge-

1059 556 1163 591 stanti
1180 557 1246 599 99,
1272 558 1326 592 10.
1355 568 1512 601 proceres
1544 557 1716 601 despotam

1060 601 1258 645 creandum,
1283 601 1466 636 Caesarem
1497 607 1532 636 et
1561 603 1718 636 sebasto-

1059 652 1224 682 cratorem
1263 652 1384 681 ornant
1423 660 1464 682 ex
1496 649 1578 693 imp.
1617 659 1717 692 prae-

1057 694 1353 773 chffpcii’niifflt’ug'
1369 694 1525 784 alcimis'ngj
1548 693 1720 772 ἒὲιῗιῗὲιξῗιῖ

1060 786 1144 826 101,
1173 785 1226 819 13.
1252 784 1374 818 multos
1397 786 1583 819 acclamant
1613 795 1719 819 annos

1061 832 1144 872 100,
1173 832 1207 866 7.
1240 832 1293 865 11.
1316 830 1372 864 20.
1402 830 1436 864 ἰιι
1469 829 1718 864 renuntiatione

1058 875 1272 921 patriarchae
1299 881 1395 911 extra
1426 875 1562 910 triclinii
1586 881 1718 920 septum

1059 921 1242 956 consistunt
1273 922 1355 966 103,
1393 924 1422 956 1.
1453 932 1537 955 unus
1571 921 1718 967 patriar-

1060 967 1155 1001 cham
1186 966 1264 1012 imp.
1288 967 1378 1001 sistit
1399 968 1482 1004 ibid.
1510 967 1562 1002 13.
1595 977 1719 1000 renun-

1059 1012 1177 1047 tiatum
1205 1013 1247 1046 ad
1276 1024 1306 1047 s.
1332 1013 1480 1057 Sophiae
1517 1012 1718 1046 comitantur

1061 1059 1144 1100 104,
1181 1060 1216 1095 7.
1251 1058 1286 1092 in
1319 1059 1412 1092 luctu
1443 1058 1575 1102 nigras,
1608 1058 1718 1103 pullas

1059 1109 1093 1138 et
1127 1104 1298 1138 caeruleas
1333 1115 1394 1149 pro
1431 1103 1565 1138 diversa
1592 1103 1718 1138 funeris

1058 1149 1191 1184 ratione
1213 1154 1336 1194 gerunt
1349 1154 1462 1185 vestes
1477 1150 1540 1194 69,
1567 1149 1621 1186 13.
1639 1148 1717 1191 106,

1013 1253 1041 1277 s.
1077 1241 1261 1286 Procopius
1296 1244 1426 1285 martyr
1458 1239 1626 1274 flammulo
1658 1250 1717 1274 re·

1058 1292 1295 1332 praesentatus
1316 1287 1380 1327 48,
1404 1287 1438 1322 3.
1462 1285 1543 1321 284.

1012 1331 1191 1378 propinqui
1224 1331 1302 1377 imp.
1340 1331 1435 1365 varie
1467 1332 1584 1374 lugent
1605 1335 1640 1364 et
1664 1331 1716 1364 lu-

1057 1382 1179 1423 gentur
1204 1378 1288 1420 106,
1315 1378 1368 1411 11.
1387 1379 1440 1412 12.
1464 1377 1583 1410 novem
1597 1375 1716 1410 diebus

1056 1435 1094 1457 se
1131 1422 1222 1456 domi
1262 1422 1454 1465 continent,
1498 1427 1598 1455 noctu
1635 1422 1716 1467 imp.

1057 1469 1183 1502 adeunt
1220 1467 1382 1512 nigroque
1414 1467 1531 1502 habitu
1560 1467 1718 1510 adorant,

1058 1518 1137 1560 post
1159 1514 1314 1547 caeruleo
1345 1513 1453 1547 aulam
1483 1512 1717 1558 ingrediuntur

1012 1585 1268 1651 protaldgator,
1291 1603 1438 1638 officium
1455 1604 1512 1639 54.
1529 1604 1632 1650 palat.
1659 1605 1716 1646 11,

1060 1652 1115 1687 13.
1141 1650 1274 1684 habitus
1289 1650 1354 1692 25,
1378 1650 1431 1686 19.
1450 1650 1519 1683 fert
1533 1653 1718 1683 matzucam

1057 1697 1141 1730 ibid.
1166 1696 1221 1730 21.
1259 1696 1321 1730 sub
1367 1695 1554 1739 primicerio
1596 1706 1718 1738 magno

1058 1746 1174 1781 cavet,
1198 1753 1240 1775 ne
1254 1741 1347 1774 miles
1363 1741 1488 1785 fugiat,
1511 1741 1719 1775 desertorem

1055 1791 1198 1822 revocat
1242 1788 1306 1826 40,
1352 1788 1409 1823 21.
1456 1790 1509 1820 est
1551 1785 1719 1830 generalis

1057 1834 1205 1877 equitum
1240 1832 1454 1876 praefectus,
1489 1831 1596 1866 minor
1624 1831 1716 1877 prin-

1013 1879 1506 1970 prdxlggog‘tidliatilildlsfffflprimus
1550 1922 1716 1966 interpres

1057 1969 1200 2014 apostoli
1224 1969 1299 2003 143.
1332 1969 1389 2012 qui
1419 1967 1550 2013 publice
1580 1971 1717 2011 aposto-

1056 2015 1124 2048 lum
1147 2015 1225 2049 282.
1250 2019 1286 2047 et
1313 2012 1347 2046 in
1374 2013 1553 2047 nativitate
1576 2018 1718 2056 aposto-

1056 2060 1123 2093 lum
1155 2066 1196 2091 ac
1227 2058 1432 2102 prophetiam
1461 2057 1544 2101 legit
1570 2058 1633 2099 46,
1662 2059 1717 2094 12.

1011 2103 1223 2149 protecdicus
1255 2103 1411 2147 captivos
1445 2109 1481 2136 et
1513 2102 1717 2137 ecclesiasti-

1058 2159 1131 2182 cum
1157 2149 1263 2182 forum
1295 2153 1392 2182 curat
1421 2149 1498 2183 130.
1531 2148 1602 2181 eius
1636 2148 1718 2182 offi-

1057 2194 1142 2227 cium
1164 2193 1346 2227 minoribus
1368 2194 1446 2227 olim
1463 2193 1717 2229 adnumeratum

1058 2242 1134 2274 117.
1157 2239 1250 2272 vlitem
1265 2239 1306 2272 de
1321 2238 1472 2273 sessione
1491 2243 1604 2273 movet
1619 2240 1716 2272 char-

1057 2284 1229 2329 tophylaci
1266 2285 1341 2319 127.
1375 2290 1427 2319 est
1463 2284 1619 2318 defensor
1643 2285 1714 2330 pri-

1057 2341 1129 2364 mus
1154 2330 1291 2363 aliorum
1317 2334 1473 2375 respectu
1496 2330 1581 2364 ibid.

1013 2376 1192 2421 prothesis,
1217 2376 1308 2410 locus
1330 2375 1457 2420 templi,
1482 2375 1595 2420 inquo
1613 2386 1714 2419 repo-

1058 2422 1124 2455 sita
1147 2426 1224 2454 sunt
1249 2426 1365 2455 sancta
1387 2422 1451 2463 93,
1471 2422 1524 2457 18.
1539 2421 1617 2456 363.
1636 2420 1714 2454 inde

1056 2466 1226 2512 processio
1257 2466 1396 2511 incipit,
1427 2476 1492 2510 qua
1523 2465 1627 2499 futuri
1658 2477 1715 2499 sa-

1057 2512 1174 2545 crificii
1198 2512 1342 2546 materia
1363 2511 1404 2545 ad
1427 2512 1533 2544 altare
1563 2511 1715 2545 defertur

1056 2558 1122 2599 94,
1150 2559 1179 2591 1.
1205 2559 1281 2593 161.
1307 2568 1347 2591 eo
1375 2562 1518 2591 vocatur
1550 2556 1630 2600 imp.
1656 2568 1716 2590 co·

1056 2608 1193 2636 ronatus
1218 2603 1283 2647 93,
1309 2603 1361 2638 17.
1385 2607 1420 2636 et
1453 2606 1547 2636 extra
1577 2601 1715 2647 prothe-

1059 2648 1210 2728 iiiam&
1242 2647 1349 2681 induit
1379 2647 1552 2691 mandyam
1575 2657 1713 2681 aureum

1057 2706 1068 2727 ι
1093 2706 1103 2725 ι
1131 2717 1139 2726 .
1211 2718 1219 2727 .

1012 2739 1321 2784 protocanonarcha
1350 2739 1391 2780 6,
1429 2738 1484 2773 10.
1526 2736 1597 2770 eius
1629 2745 1713 2770 vera.

1057 2783 1159 2826 origo.
1194 2783 1319 2818 functio
1343 2783 1377 2817 in
1408 2793 1534 2816 canone
1561 2790 1622 2816 scu
1648 2781 1714 2815 oda

1059 2835 1151 2863 certa
1174 2828 1362 2864 inchoanda
1386 2827 1450 2864 156
1472 2838 1523 2871 sq.
