1864 3164
657 178 716 222 IN
741 178 935 223 comm
958 178 1069 224 CAP.
1092 178 1167 223 ΠΙ.
1531 182 1626 226 223

189 286 324 337 τέντας
338 285 436 329 κατὰ
453 284 497 329 τό
519 289 648 341 σχῆμα
672 291 754 329 τῶν
776 284 958 344 ’Λβᾶρων
977 284 1008 342 ἦ
1035 286 1224 344 Τοῦρκων
1244 287 1452 345 γενέσθαι,
1479 285 1538 331 ’ὅτι
1558 290 1626 332 καὶ

188 343 338 398 πομπαὶ
352 344 421 385 καὶ
440 342 638 398 χρειώδεις
655 345 770 387 εἰσίν.

277 431 312 465 p.
326 421 369 456 13
388 432 421 455 v.
437 422 472 456 9.
494 420 562 455 τοῦ
575 417 734 466 κόμβου]
758 431 824 453 non
847 419 1027 465 quemlibet
1047 421 1196 463 nodum,
1228 420 1281 455 vel
1306 431 1379 456 enm
1401 421 1528 462 solum,
1558 433 1627 455 vox

187 464 324 511 κόμβος
354 466 459 500 menti
487 466 615 502 obiicit.
667 466 721 499 hic
748 477 830 499 vero
867 465 970 498 solius
1000 466 1235 511 imperatoriae
1265 477 1411 502 coronae
1441 478 1624 512 gemmeum

185 511 403 600 amre-gl.
415 511 611 546 eminentem
633 512 668 545 in
690 521 732 545 ea
751 511 950 556 globulum,
973 522 1039 557 quo
1062 511 1223 558 despotae
1243 511 1352 558 pileus
1384 524 1452 548 non
1483 513 1625 558 insigni-

294 627 378 665 ibid.
392 626 489 665 Illud
500 622 603 676 πλῆν
615 627 694 666 τῶν
707 625 903 675 φοινίκων
917 638 981 664 seu
998 626 1210 674 φοινικίων
1219 628 1330 665 vertit
1338 626 1464 666 Iunius
1476 631 1626 679 exceptis

186 685 334 730 taenia,
360 687 398 720 et
421 683 458 720 in
481 682 627 720 scholiis
646 682 828 733 explicans
851 682 940 731 quid
963 683 1038 719 sint
1066 684 1227 732 taeniae,
1255 684 1308 721 ait
1327 696 1408 721 esse
1431 687 1542 723 vittas
1564 687 1622 722 ob·
1645 691 1675 727 P
1701 691 1766 727 194

188 739 331 788 longas,
362 740 485 790 quibus
501 743 670 789 tanquam
687 739 770 776 loris
786 743 908 789 partes
922 741 1032 788 apicis
1054 741 1250 777 commissae
1266 743 1300 778 et
1321 743 1463 779 suturae
1476 742 1626 780 obtectae

187 799 280 835 runt.
311 807 382 844 ego
399 798 438 832 et
457 795 516 833 hic
534 798 573 832 et
590 795 685 832 infra
707 794 803 831 malo
815 794 993 845 palmulis.
1019 795 1120 846 apud
1138 795 1387 846 Capitolinum
1404 796 1443 834 in
1465 797 1623 835 Gordia-

186 852 242 888 nis
257 855 315 888 est
326 851 483 902 palmata
497 853 618 888 tunica
637 854 675 888 et
689 854 772 900 toga
781 853 893 901 picta.

274 926 357 964 ibid,
403 926 551 967 fructus,
574 937 640 960 non
661 926 744 960 folia
764 926 982 971 palmarum,
1006 924 1039 958 in
1062 925 1125 959 hac
1148 925 1294 960 dictione
1309 927 1455 972 legendi.
1501 928 1623 973 dacty-

184 972 235 1006 los
257 971 415 1005 hodierna
436 971 585 1005 Graecia
605 976 709 1004 vocat
730 971 911 1014 φοινίκιαε
933 970 981 1004 illi
1003 981 1086 1004 vero
1110 971 1145 1004 in
1168 982 1255 1005 uvae
1277 984 1413 1016 morem,
1436 975 1551 1017 granis
1567 979 1622 1007 ta-

185 1028 260 1051 men
282 1017 411 1061 longius
431 1016 555 1050 dissitis
574 1027 616 1050 ac
638 1027 736 1061 mage
758 1016 919 1062 pendulis,
943 1028 963 1050 e
984 1016 1094 1050 trunci
1117 1017 1262 1058 vertice,
1285 1028 1352 1062 qua
1376 1018 1458 1052 rami
1480 1030 1622 1053 nascun-

184 1068 260 1104 tur,
279 1063 452 1107 pendent.
498 1062 541 1096 ab
573 1062 704 1096 arboris
734 1062 779 1096 ad
809 1061 1019 1107 imperatoris
1038 1062 1200 1096 verticem
1226 1063 1399 1098 translatis
1423 1065 1527 1098 oeulis
1549 1076 1621 1099 ser—

183 1113 254 1142 tum
277 1118 482 1150 gemmeum,
504 1107 624 1140 eassidi
646 1107 701 1141 vel
724 1107 796 1141 eius
817 1107 983 1141 stemmati
1006 1106 1164 1148 eminens,
1185 1108 1241 1141 vel
1264 1108 1307 1142 ad
1331 1109 1483 1143 dextram
1506 1119 1619 1144 aurem

183 1153 354 1187 volitantis
380 1153 486 1186 instar
508 1152 639 1198 plumae
660 1152 817 1194 affixum,
852 1151 1021 1195 φοίνικας
1052 1152 1107 1185 vel
1130 1153 1294 1195 φοινίκια
1314 1155 1499 1195 voeitabis,
1523 1156 1619 1199 quasi

182 1209 350 1242 gemmeus
371 1197 491 1243 capitis
513 1198 569 1230 vel
599 1209 746 1232 coronae
775 1199 901 1232 botros.
945 1197 996 1231 ita
1026 1197 1145 1230 scribit
1178 1198 1345 1243 Georgius
1373 1200 1552 1236 corasius:
1582 1201 1619 1234 id

181 1248 349 1278 testantur
372 1243 509 1287 antiqua
531 1243 739 1278 Graecorum
758 1243 998 1288 imperatorum
1018 1242 1227 1278 numismata.

290 1313 376 1352 ibid.
432 1313 580 1365 ῤὀῦχον
609 1315 684 1354 τοῦ
718 1311 910 1354 δεσπότου
940 1313 1016 1350 sive
1049 1311 1211 1363 ῤὀυχίον
1233 1316 1291 1350 est
1310 1314 1491 1364 ipsissima
1526 1313 1621 1351 Ger-

181 1381 370 1407 manorum
404 1369 532 1408 vocula
576 1370 670 1408 rock.
736 1369 887 1407 Nicetas
932 1369 970 1406 in
1018 1367 1230 1406 Andronico
1265 1369 1288 1406 l.
1323 1374 1369 1411 2:
1416 1372 1621 1421 φοροῦντα

182 1426 326 1476 ῥὀῦχον
355 1423 510 1476 σχιστόν
537 1424 646 1478 μέχρι
671 1424 740 1464 καὶ
765 1428 846 1464 τῶν
876 1421 1068 1477 γονάτων.
1122 1424 1328 1474 Helgaldus
1354 1426 1393 1462 in
1419 1427 1495 1463 vita
1522 1427 1619 1475 regis

181 1481 351 1518 Roberti:
380 1494 506 1519 exuens
529 1493 565 1518 se
596 1483 796 1519 vestv'mento
814 1493 1007 1531 purpureo,
1044 1479 1133 1530 quod
1167 1480 1292 1529 lingua
1326 1483 1461 1519 mstica
1488 1482 1618 1519 dicitur

181 1550 292 1576 rocus.
347 1536 431 1574 hinc
457 1537 567 1573 etiam
601 1537 773 1574 rochetum
803 1548 874 1573 vox
903 1535 1049 1585 saepius
1076 1534 1183 1571 obvia
1214 1536 1253 1571 in
1279 1534 1383 1573 libris
1415 1537 1621 1586 ritualibus,

179 1593 394 1643 praesertim
411 1592 599 1630 Romanis.
627 1592 713 1628 inde
738 1591 849 1629 etiam
877 1590 1108 1644 ῥουχαρεῖον
1139 1593 1363 1640 vestiarium,
1391 1604 1463 1630 vox
1488 1597 1618 1630 nostro

180 1660 329 1697 qnoque
347 1648 492 1685 Codino
511 1650 698 1698 usurpata.

268 1723 354 1757 ibid.
399 1722 561 1767 despotae
592 1717 726 1766 ᾇοῦχον
753 1719 936 1755 huiusmodi
968 1719 1042 1755 sive
1072 1716 1237 1765 ἷμοὶτιον,
1267 1724 1295 1755 si
1316 1721 1528 1767 imperatorio
1551 1734 1618 1757 non

179 1767 338 1802 absi-ilis
359 1773 412 1802 est
432 1769 572 1808 formae,
608 1764 741 1806 σάκκος
762 1766 796 1799 in
819 1766 986 1800 secuturis
1010 1766 1159 1809 dicetur,
1190 1766 1305 1801 tunica
1338 1768 1487 1801 nimirum
1508 1780 1528 1802 e
1551 1769 1618 1802 vil·

179 1814 251 1847 loso
273 1813 402 1854 serico,
435 1812 534 1846 nullis
557 1812 653 1857 plicis
676 1811 875 1855 conspicua,
909 1812 969 1846 sed
993 1812 1082 1845 circa
1102 1815 1221 1856 pectus
1243 1816 1279 1845 et
1301 1812 1429 1846 lumbos
1451 1814 1614 1857 strictior,

178 1859 278 1903 paulo
300 1858 401 1892 latior
423 1858 509 1891 cirea
532 1857 655 1902 pedes.
678 1860 783 1890 totum
807 1867 928 1902 corpus
953 1857 1111 1891 ambiens,
1158 1862 1197 1890 ut
1215 1857 1327 1901 illam,
1350 1858 1444 1892 clade
1467 1859 1501 1892 in
1523 1859 1612 1892 bello

177 1908 337 1948 accepta,
370 1903 474 1936 tristis
505 1913 525 1935 a
556 1914 594 1936 se
616 1901 776 1935 abiecerit
797 1902 941 1936 Ioannes
964 1903 1107 1947 despota
1128 1901 1301 1936 Michaelis
1323 1903 1519 1948 Palaeologi
1542 1905 1614 1938 fra-

176 1954 245 1992 ter,
268 1953 384 1982 narrat
403 1949 578 1992 Gregoras
598 1948 619 1982 5
644 1947 706 1984 ult.

283 2008 331 2046 ib.
344 2019 378 2045 v.
400 2007 462 2047 10.
496 2006 605 2055 ῥίζας
627 2009 665 2043 et
685 2005 998 2058 στρατηλατίκια,
1023 2006 1285 2057 interpretatur
1306 2005 1432 2044 Iunius
1463 2006 1613 2045 lacim'as

174 2067 213 2101 et
230 2063 403 2102 lemniscos
427 2062 606 2100 militares.

263 2127 348 2161 ibid.
379 2127 506 2170 regiam
539 2125 789 2170 Sandionysiaci
819 2125 985 2160 abbatiam
1017 2138 1058 2160 eo
1092 2126 1159 2160 fine
1194 2127 1365 2171 profectus
1399 2129 1436 2159 ut
1467 2125 1611 2160 Manne-

175 2172 215 2206 lis
243 2171 453 2217 imperatoris
483 2172 630 2206 Helenes
666 2171 905 2216 imperatricis,
941 2173 1077 2206 Ioannis
1112 2172 1241 2216 imperii
1279 2172 1448 2216 collegae,
1494 2172 1610 2205 Theo-

174 2217 247 2250 dori
275 2217 454 2262 despotae,
482 2216 662 2250 Andronici
693 2213 995 2251 αὖθεντοπούλου
1020 2218 1296 2261 Palaeologorum
1327 2229 1368 2250 eo
1392 2228 1439 2249 ms
1461 2217 1498 2253 S.
1522 2217 1609 2250 Dio-

174 2261 264 2305 nysii
294 2273 449 2306 operum,
492 2261 580 2305 quod
612 2261 747 2295 Manuel
788 2262 980 2307 praedictus
1010 2269 1192 2296 coaetaneo
1227 2264 1290 2297 sibi
1328 2260 1610 2295 christianissimo

174 2307 377 2341 Francorum
399 2305 470 2349 regi
488 2306 646 2348 donavit,
671 2317 843 2351 expressas
865 2307 910 2340 ad
931 2307 1044 2342 vivum
1066 2308 1218 2351 effigies,
1256 2308 1366 2340 vultus
1379 2332 1389 2349 ‚
1423 2311 1610 2350 stemmata,

175 2357 310 2395 gestus,
343 2356 472 2391 vestes,
500 2351 644 2384 vestium
667 2351 814 2393 colores,
844 2352 1003 2395 formam,
1034 2358 1225 2387 ornamenta
1246 2353 1473 2396 conspicerem
1496 2356 1609 2384 atten-

176 2398 243 2430 tius
266 2402 299 2430 et
322 2396 554 2437 observarem,
585 2402 763 2440 perspecta
792 2397 927 2431 coccina
958 2398 1119 2443 despotae
1142 2398 1255 2431 tunica
1278 2398 1446 2440 ligataque
1469 2395 1512 2428 ad
1537 2396 1608 2429 col-

175 2443 242 2475 lum
274 2442 419 2475 eiusdem
453 2441 576 2474 coloris
608 2441 800 2485 chlamyde,
831 2442 924 2476 cuius
955 2443 1074 2477 dextra
1104 2454 1180 2489 pars
1204 2443 1237 2475 in
1261 2442 1411 2475 dextrum
1435 2441 1608 2474 humerum

174 2487 378 2527 revolvitur,
407 2486 441 2519 in
463 2486 577 2520 tunica
600 2486 662 2529 (ea
683 2487 796 2520 talaris
814 2493 867 2521 est
889 2488 931 2522 ad
954 2489 1044 2522 sacci
1066 2489 1214 2530 modum)
1245 2497 1353 2520 ramos
1383 2496 1500 2518 aureos
1532 2485 1604 2518 ani-

174 2532 337 2566 madverti
360 2531 527 2577 depictos,
557 2531 828 2576 chlamydemque
857 2534 1005 2576 Phrygio
1029 2545 1197 2577 aureoque
1220 2543 1321 2575 opere
1343 2540 1527 2574 respersam
1551 2535 1606 2563 to-

175 2582 260 2620 tam,
294 2589 355 2622 per
377 2576 487 2622 spatia
507 2575 670 2620 quaedam
693 2578 728 2610 in
751 2578 864 2612 orbem
881 2578 999 2612 relicta
1021 2579 1212 2623 bicipitibus
1234 2575 1354 2619 aquilis
1375 2586 1456 2607 auro
1481 2575 1607 2619 pariter

175 2623 342 2665 expressis
357 2623 392 2656 in
415 2633 456 2655 ea
476 2620 694 2665 fulgentibus.
740 2633 784 2656 an
804 2633 907 2656 aurea
929 2623 1067 2657 ramalia
1087 2624 1241 2656 radicum
1265 2621 1367 2653 instar
1391 2631 1451 2664 per
1467 2625 1604 2663 vestem,

174 2668 270 2700 nullis
295 2673 404 2701 tamen
426 2666 544 2711 aquilis
567 2670 737 2707 ornatam,
759 2668 930 2712 serpentia
952 2666 1063 2712 ῤ’ίζας,
1087 2667 1216 2711 aquilas
1240 2677 1321 2698 vero
1347 2665 1515 2710 primaeva
1531 2665 1605 2699 Ro-

174 2722 342 2746 manorum
364 2714 469 2757 signa
492 2712 660 2745 militaria
680 2713 958 2756 στρατηλατίκια
978 2723 1154 2750 vocarem.
1187 2710 1307 2744 dubius
1337 2710 1474 2754 primum
1497 2710 1604 2745 haesi.

172 2766 269 2790 sensu
292 2758 475 2802 mentisque
496 2757 666 2791 dubietate
686 2765 793 2801 aeque
814 2757 914 2792 docto
935 2769 976 2792 ac
997 2757 1076 2791 mibi
1097 2756 1258 2790 benevolo
1295 2755 1426 2798 Cyrillo
1457 2755 1603 2800 Campa-

173 2812 237 2836 nae
258 2803 394 2839 Chiensi
413 2803 569 2846 detecta,
598 2800 732 2837 dubium
754 2803 812 2838 iue
836 2804 978 2849 probato
1000 2812 1099 2837 sensu
1122 2801 1263 2846 depulit.
1309 2805 1345 2834 tu
1367 2801 1491 2844 lector,
1523 2811 1601 2834 eru-
