1832 3178
253 218 321 265 70
665 219 867 264 comm
896 196 1295 263 GUROPALATAE

249 330 443 387 βασιλέα,
474 328 496 375 ὃ
514 331 588 386 μέν
608 332 823 389 περίπατος
840 332 1000 388 γίνεται,
1035 338 1247 389 περιπατεῖ
1261 332 1306 376 δὲ
1323 331 1345 375 ὖ
1363 331 1556 387 βασιλεὺς
1573 336 1712 390 φορῶν

250 398 501 457 ἐπιλοῦρικον
523 401 662 443 λευκὸν
683 403 750 442 καὶ
770 399 1017 457 φακεώλιον,
1067 402 1133 443 καὶ
1162 401 1372 457 γενομένης
1389 398 1621 452 ἀπολύσεως
1638 404 1713 444 τοῦ

250 467 408 526 ὄρθρου
430 467 662 525 ἔμπροσθεν
683 473 755 523 τῆς
773 473 1001 520 νικοποιοῢ,
1035 467 1135 512 ὅπου
1156 470 1223 511 καὶ
1242 473 1315 524 τῆς
1333 467 1574 528 ὁδηγητρίας
1589 471 1710 513 ἵστα-

250 553 318 580 ται
343 534 471 589 εἰκών,
504 529 747 595 ’ὑποστρέφει
767 534 788 579 ὃ
808 534 1012 591 βασιλεύς.

113 654 232 691 P102
671 642 1154 709 Κεφάλαιον
1221 642 1295 709 ιβ’.
1719 660 1744 698 5

584 719 803 758 Ἀκολουθία
845 723 914 768 τῆς
955 721 1116 769 μεγάλης
1161 720 1380 771 ἑβδομάδος.

389 809 455 863 Τῇ
471 804 628 865 μεγάλῃ
645 808 810 868 δευτέρα
821 840 834 860 ,
861 813 912 866 τῇ
933 807 1088 866 μεγάλῃ
1109 810 1248 866 τρίτῃ,
1281 812 1331 866 τῇ
1351 803 1506 865 μεγάλῃ
1525 803 1711 865 τετάρτῃ,

251 875 303 930 τῇ
321 873 475 931 μεγάλῃ
494 875 652 933 πέμπτῃ
672 875 1010 932 ἀναγινώσκονῖαι
1033 877 1085 919 τὰ
1111 878 1290 933 τέσσαρα
1312 876 1520 933 εὐαγγέλια
1547 875 1575 931 ’ἢ
1596 876 1710 932 παρὰ

250 946 325 985 τοῦ
344 942 626 999 ἀρχιδιακόνου
648 944 674 1000 ἢ
693 946 793 1001 παρ’
817 943 953 1002 ἑτέρου
976 944 1188 998 διακόνου,
1232 944 1302 987 ἐὰν
1334 945 1393 999 μὴ
1425 938 1544 994 οὗτος
1569 943 1711 1000 παρὼν

249 1007 378 1065 τύχοι.
445 1012 524 1068 πρὸ
546 1013 590 1055 δὲ
609 1018 682 1067 τῆς
705 1015 951 1070 λειτουργίας
973 1018 1045 1068 τῆς
1065 1014 1190 1069 αὐτῆς
1213 1011 1391 1069 μεγάλης
1409 1013 1588 1067 πέμπτης
1607 1013 1710 1069 γίνε-
1723 1023 1768 1060 10

251 1095 320 1121 ται
348 1076 369 1120 ὅ
401 1080 543 1137 νιπτὴρ
574 1079 693 1124 οὕτω.
759 1080 1091 1139 προετοιμάζουσι
1118 1082 1304 1136 πτωχοὺς
1337 1080 1519 1132 δώδεκα,
1559 1082 1626 1123 καὶ
1647 1081 1712 1123 ἔν·-

254 1144 396 1189 dalevo:
431 1147 601 1199 τούτους
635 1148 869 1205 ὗποκάμισα
906 1149 990 1204 ἤως
1016 1154 1214 1205 χιτῶνας,
1259 1146 1605 1206 κουρτζουβράκια
1643 1150 1711 1191 καὶ

201 1219 233 1256 Β
257 1213 493 1267 παπούτζια.
560 1218 628 1259 καὶ
647 1219 832 1273 τεθείσης
855 1220 897 1261 ἐν
919 1223 976 1276 τῷ
994 1222 1068 1261 τοῦ
1089 1218 1290 1272 βασιλέως
1309 1219 1450 1275 κελλίῳ
1474 1215 1662 1272 λεκάνης,
1688 1214 1710 1259 ὅ

253 1287 528 1338 πρωτοπαπᾶς
553 1284 666 1336 ἐκτὸς
692 1286 793 1343 πρὸς
815 1286 887 1342 τὴν
907 1285 1045 1343 θ’ὗραν
1075 1285 1353 1343 εὑρισκόμενος
1371 1291 1481 1328 ποιεῒ
1498 1284 1714 1341 εὖλογητὸν

254 1353 321 1393 καὶ
341 1351 441 1407 λε’γει
467 1351 513 1395 τὸ
535 1352 754 1409 τρισάγιον.
821 1355 957 1398 ἔπειτα
983 1359 1055 1397 τοῦ
1084 1356 1314 1411 εὐαγγελίου
1342 1353 1711 1409 ἂναγινωσκομένου
1724 1361 1768 1398 15

253 1419 355 1475 παρ’
379 1420 525 1472 αὐτοῦ,
562 1420 658 1464 ὅταν
678 1422 767 1480 εἴπῃ
795 1421 871 1466 “τὸ
894 1421 1006 1479 ὕδωρ
1026 1422 1166 1477 βάλλει
1185 1425 1241 1473 εἷς
1256 1422 1326 1466 τὸν
1344 1427 1517 1478 νιπτῆρα
1527 1421 1575 1473 ,²²
1610 1422 1721 1478 ἔγχεΐ

255 1486 298 1528 ἐν
323 1491 373 1543 τῇ
405 1487 550 1546 λεκάνῃ
579 1490 624 1533 τὸ
655 1490 767 1547 ὕδωρ
799 1489 819 1533 ὅ
842 1490 1046 1545 βασιλεύς.
1114 1489 1198 1535 εἶτα
1220 1491 1388 1549 φέρουσι
1408 1490 1503 1540 τοὺς
1522 1506 1715 1547 προητοι-

253 1556 486 1609 μασμένους
510 1557 682 1612 πένητας
708 1559 810 1601 καθ’
835 1559 904 1602 ἵνα
924 1557 1179 1614 βαστάζοντα
1198 1559 1322 1616 κηρὸν
1341 1555 1579 1612 ἁπτόμενον.
1645 1559 1714 1601 καὶ

253 1621 399 1667 τούτου
430 1625 504 1679 μὲν
531 1627 802 1678 καθίσαντος,
848 1631 921 1670 τοῦ
958 1628 1002 1669 δὲ
1033 1631 1307 1683 πρωτοπαπᾶ,
1354 1624 1410 1677 ὥς
1441 1627 1621 1683 εἴρηται,
1665 1625 1712 1669 τὸ
1762 1682 1766 1686 .

254 1690 479 1748 εὐαγγέλιον
501 1692 840 1751 ἀναγινώσκοντος
861 1697 928 1738 καὶ
951 1695 1133 1753 λέγοντος
1154 1695 1200 1739 τὸ
1220 1694 1372 1753 ἤρξατο
1393 1692 1416 1738 ὁ
1439 1694 1596 1750 Ἰησοῦς
1617 1693 1770 1746 τούς-20

345 1809 369 1844 6
392 1809 530 1846 titulum
554 1822 609 1847 om
629 1812 673 1848 A.
721 1809 795 1855 ὅρα
816 1811 886 1848 τὸν
909 1811 1062 1858 βασιλέα
1081 1812 1263 1849 νίπτονται
1284 1810 1376 1852 τοὺς
1396 1809 1521 1852 πόδας
1548 1811 1625 1846 τῶν
1645 1822 1713 1847 πε-

343 1852 467 1901 νήτων
483 1869 601 1903 margo
623 1858 654 1893 B
746 1860 791 1895 12
811 1856 1111 1904 κουρτουβράκια
1131 1860 1161 1894 Ρ
1245 1858 1290 1894 17
1303 1855 1667 1902 προετοιμασθέντας
1680 1858 1713 1892 Α

252 1954 412 1999 institui,
449 1957 486 1991 in
510 1958 765 2004 supplicatione
797 1971 903 2004 porro
934 1959 1038 1994 etiam
1069 1958 1312 2004 imperatorem
1334 1960 1495 2002 oporteat
1524 1958 1714 2004 ambulare,

252 2001 433 2045 processio
455 2003 593 2048 quidem
616 2005 814 2050 peragitur,
852 2010 886 2040 et
910 2004 1098 2050 imperator
1121 2004 1273 2038 ambulat
1301 2004 1420 2037 ferens
1450 2004 1627 2038 candidam
1651 2015 1710 2039 su-

253 2046 406 2091 perulam
431 2054 467 2082 et
490 2049 720 2094 phaceolium.
744 2050 844 2084 finito
869 2050 1036 2084 matutino
1061 2055 1141 2084 ante
1164 2048 1347 2093 imaginem
1369 2048 1517 2094 virginis
1541 2050 1712 2085 victoriae

253 2092 456 2171 ῗίῖιξοῐςίοἰε,
480 2094 541 2128 ubi
564 2094 668 2131 etiam
690 2095 839 2142 virginis
861 2096 943 2131 viae
960 2095 1058 2131 ducis
1081 2095 1195 2141 imago
1218 2094 1406 2141 reperitur,
1432 2095 1568 2131 domum
1590 2107 1712 2131 rever-

271 2148 279 2170 ι
322 2149 341 2172 ι·
361 2144 564 2184 imperator.

806 2232 838 2275 C
864 2247 888 2275 a
914 2248 940 2289 p
967 2249 991 2275 u
1018 2239 1033 2274 t
1098 2235 1165 2276 12.

677 2299 842 2346 Officium
870 2310 1025 2346 magnae
1052 2298 1297 2335 hebdomadae.

348 2374 456 2411 Fet-ia
478 2377 630 2413 secunda
651 2389 797 2424 magnae
820 2376 1044 2412 hebdomadis
1057 2403 1067 2420 ‚
1089 2378 1196 2412 tertia
1219 2380 1345 2423 quarta
1367 2379 1404 2413 et
1425 2376 1571 2423 quinta,
1593 2374 1716 2420 legun-

254 2424 312 2454 tur
336 2426 500 2466 quattuor
523 2424 717 2470 evangelia,
739 2424 797 2459 vel
820 2425 862 2458 ab
888 2423 1133 2458 archidiacono
1154 2423 1208 2458 vel
1232 2425 1275 2458 ab
1297 2424 1365 2458 alio
1389 2422 1549 2467 diacono,
1572 2421 1604 2456 si
1621 2423 1715 2456 forte

255 2465 314 2500 ille
338 2478 407 2501 non
431 2468 478 2502 sit
500 2481 679 2514 praesens.
726 2470 844 2505 eadem
868 2481 993 2514 magna
1011 2469 1103 2502 feria
1122 2470 1243 2515 quinta
1262 2475 1343 2504 ante
1363 2468 1537 2513 liturgiam
1559 2466 1714 2502 institui-

255 2517 313 2546 tur
335 2514 459 2558 pedum
483 2513 567 2550 lotio
591 2515 683 2550 hunc
704 2514 742 2550 in
764 2515 912 2550 modum.
959 2514 1174 2550 constituunt
1204 2515 1385 2550 duodecim
1407 2525 1600 2560 pauperes,
1635 2523 1714 2546 eos·

257 2568 325 2601 que
347 2560 524 2595 subuculis
547 2561 624 2596 sive
645 2561 786 2605 tunicis,
810 2560 917 2595 curtis
941 2560 1077 2595 braccis
1101 2572 1163 2594 seu
1187 2561 1308 2606 caligis
1335 2566 1372 2595 et
1393 2559 1518 2594 calceis
1540 2558 1715 2601 vestiunt3

256 2608 294 2636 et
316 2604 432 2648 posita
454 2605 551 2651 pelvi
573 2606 610 2642 in
633 2606 853 2653 imperatoris
875 2605 1045 2650 conclavi,
1070 2612 1265 2652 protopapa
1288 2607 1375 2641 foris
1398 2606 1444 2640 ad
1468 2604 1604 2638 ianuam
1628 2614 1712 2636 con-

255 2647 384 2683 sistens
406 2651 684 2688 benedictionem
708 2651 919 2699 praemittit,
954 2663 1028 2686 cum
1063 2652 1222 2697 trisagio.
1271 2653 1397 2687 deinde
1419 2651 1509 2685 lecto
1533 2660 1598 2695 per
1620 2648 1713 2683 illum

256 2705 345 2727 evan
373 2694 461 2740 elio,
497 2700 634 2743 quando
662 2697 835 2745 processit
857 2708 967 2743 usque
997 2697 1041 2732 ad
1066 2697 1123 2732 illa
1146 2700 1257 2733 verba
1280 2695 1412 2732 “mittit
1433 2706 1555 2741 aquam
1578 2693 1614 2728 in
1637 2693 1714 2739 pel-

259 2739 327 2773 vim
340 2765 350 2784 ,
365 2738 375 2751 ’
395 2741 548 2778 infundit
568 2744 759 2790 imperator
781 2755 904 2790 aquam
926 2743 964 2777 in
987 2741 1128 2787 pelvim.
1176 2748 1301 2789 postea
1325 2744 1500 2778 adducunt
1518 2740 1586 2774 iam
1609 2744 1714 2773 antea

255 2794 483 2832 praeparatos
505 2801 677 2836 pauperes
698 2789 874 2835 sigillatim
897 2788 1105 2834 quemlibet,
1140 2800 1284 2834 quorum
1309 2787 1426 2834 quivis
1449 2797 1549 2821 manu
1575 2795 1713 2819 cereum

256 2832 434 2867 ardentem
457 2841 589 2878 gestat3
625 2842 661 2871 et
690 2835 757 2870 hoc
786 2834 923 2880 quidem
946 2834 1111 2878 sedente,
1141 2838 1473 2881 protopapa'autem
1496 2830 1714 2886 evangelium,

255 2875 406 2924 legente,
429 2879 583 2926 illudque
605 2880 852 2928 pronuntiante
871 2877 1015 2927 “coepit
1036 2880 1137 2915 Iesus
1159 2880 1279 2916 lavare
1302 2880 1411 2927 pedes
1431 2876 1691 2924 discipulorum,
