1864 3164
321 160 420 208 432

365 271 552 308 tabulatum
586 283 646 309 seu
683 273 903 310 anabathmm
945 286 1027 310 con-

365 319 496 353 scendit
517 324 694 354 coronatus
714 320 792 366 imp.
816 322 882 363 91,
909 321 964 356 10.

319 365 516 410 tamparium
539 376 599 400 seu
628 366 750 411 penula
783 366 941 401 coccinea
964 366 1027 401 de-

363 413 568 493 ἓΡοῖἒὲηὲῗέ
577 412 1026 492 .ἷ1ι·νιέξὲἰῗῖἒ“ἑῖἳίῗέ.ὲῗιῖ

363 503 581 536 concessione
614 502 843 537 Cantacuzeni
875 505 957 542 ibid.
992 508 1026 540 8.

364 547 407 582 de
431 548 672 592 orthographia
695 549 789 582 vocis
812 548 890 584 224.

317 591 460 628 Tarasio
502 594 696 638 patriarcha
737 594 908 630 adnitente
948 598 1026 630 sunt

361 639 540 673 restitutae
564 651 606 675 ss.
640 639 802 684 imagines
836 643 897 676 sub
931 641 1027 675 Con-

363 684 510 718 stantino
536 690 570 720 et
593 686 692 719 Irene
715 685 794 722 346.

315 729 546 765 Tarchaniota
569 730 610 765 fit
627 731 903 776 protovestiarius
921 734 953 774 8,
972 734 1026 769 16.

361 787 384 810 a
407 776 572 811 Michaele
596 778 799 823 Palaeologo
832 779 1026 824 praefertur

363 821 437 856 aliis
460 823 541 858 ibid.
565 825 620 859 21.
643 825 701 858 22.

316 867 500 904 Tau-enites
535 869 837 914 panhypersebasti
864 869 1027 914 dignitate

362 913 407 948 ab
430 914 547 948 Alexio
572 914 741 950 Comneno
770 916 896 961 primus
919 916 1026 950 hono-

360 963 456 993 ratur
479 962 524 1002 7,
548 963 591 996 16
613 972 686 1005 sqq.

316 1009 408 1040 tatas
433 1006 550 1048 aulae,
576 1007 666 1040 offic.
690 1007 743 1053 36
760 1006 933 1052 palatinum
970 1009 1027 1048 10,

363 1052 418 1087 16.
442 1051 576 1086 habitus
600 1054 665 1093 23,
697 1053 752 1089 20.
787 1052 907 1087 nullius
930 1053 1026 1086 mini-

361 1097 457 1131 sterii
478 1099 546 1140 39,
577 1101 608 1134 1.
632 1100 710 1134 195.

314 1146 542 1186 tegumentum
564 1143 726 1190 despotae
753 1155 812 1178 seu
837 1143 943 1189 pileus
971 1145 1025 1186 13,

361 1189 392 1224 6.
423 1189 527 1224 sellae
557 1194 786 1233 tegumentum
820 1190 882 1233 14,
914 1192 947 1228 7.
971 1201 1026 1224 se·

359 1234 605 1269 bastocratoris
634 1238 695 1276 15,
722 1236 777 1272 13.

314 1280 495 1314 tentorium
530 1280 594 1323 14,
616 1282 652 1319 9.
678 1280 822 1315 Graecis
855 1277 964 1314 τὲντοι
989 1287 1024 1314 et

360 1322 474 1359 τένδα
497 1326 578 1362 228.

314 1371 498 1406 tetraditae
520 1370 680 1406 haeretici
701 1381 852 1415 magnum
868 1370 1025 1405 ieiunium

361 1422 440 1450 ante
462 1414 676 1461 τυροφοὶγον
699 1417 882 1450 servabant
905 1416 986 1452 334.

316 1463 557 1507 tetraphyllum
582 1463 638 1496 vel
661 1462 842 1497 crinoniam
873 1463 941 1496 fert
962 1462 1026 1497 im-

362 1514 472 1554 perat.
495 1508 531 1542 in
555 1508 648 1552 vigil.
672 1507 806 1542 nativit.
830 1508 893 1550 47,
919 1509 972 1544 15.

316 1554 531 1598 tetrastylum
564 1554 762 1588 vestibulum
779 1560 938 1599 quattuor
967 1564 1027 1587 co-

362 1600 546 1634 lumnarum
570 1600 603 1634 in
629 1600 755 1645 palatio
791 1601 854 1642 15,
891 1602 944 1636 16.
971 1601 1027 1635 18.

317 1646 474 1689 thargum
497 1645 757 1693 interpretatio,
780 1649 956 1691 turgeman
974 1645 1028 1679 in-

363 1695 496 1737 terpres
518 1693 596 1727 270.

317 1737 431 1772 thema
466 1741 518 1771 est
551 1737 695 1783 positio,
729 1747 846 1778 casus,
882 1735 1027 1770 constel-

364 1783 469 1829 latio,
486 1783 594 1828 legio,
608 1782 798 1828 provincia,
812 1783 1028 1828 praefectura

319 1874 538 1909 Theoctistus
557 1877 715 1919 praeerat
731 1873 878 1908 canicleo
902 1872 1027 1918 palatio

364 1921 427 1954 sub
464 1919 654 1964 Theophilo
687 1919 904 1954 iconomacho
946 1920 1026 1955 206.

319 1975 521 2011 Theodorus
558 1976 651 2011 Beza
693 1980 811 2010 contra
853 1975 1028 2009 Saraviam

362 2021 609 2056 haereticorum
647 2021 916 2068 archiepiscopos
946 2031 1027 2066 per-

362 2065 500 2109 stringit
521 2069 598 2103 165.

317 2122 343 2148 s.
376 2111 578 2146 Theodorus
618 2114 749 2156 martyr
778 2115 921 2155 uterque
954 2120 1028 2143 cum

362 2168 390 2194 s.
426 2156 597 2191 Demetrio
636 2162 672 2191 et
703 2169 733 2191 s.
773 2156 940 2201 Procopio
971 2166 1028 2189 re-

363 2206 601 2248 praesentatus
624 2202 791 2236 flammulo
815 2202 895 2236 284.

318 2259 521 2295 Theodorus
543 2258 731 2293 Metochita
756 2257 877 2292 aerarii
901 2257 1027 2303 publici

363 2305 538 2350 logotheta
561 2310 597 2340 et
630 2304 722 2351 prior
745 2315 864 2348 magno
897 2308 1027 2338 strato-

363 2351 535 2397 pedarcha
557 2352 579 2387 9
593 2377 604 2394 ,
628 2351 669 2386 15
683 2367 730 2376 —
747 2351 800 2386 18.

321 2408 523 2443 Theodorus
558 2406 748 2453 patriarcha
779 2405 1027 2449 Hierosolymi-

364 2459 463 2488 tanus
486 2454 654 2488 Andream
671 2453 866 2486 Cretensem
891 2451 934 2485 ad
949 2462 1027 2485 sex-

365 2505 434 2534 tam
457 2499 621 2544 synodum
643 2498 745 2532 mittit
767 2499 845 2533 321.

321 2555 532 2601 Theophilus
541 2555 620 2601 imp.
629 2555 776 2589 iustitiae
786 2565 899 2589 amans
908 2564 1027 2598 equum

365 2602 507 2635 alienum
541 2600 708 2646 repetenti
746 2600 874 2635 mulieri
915 2599 1026 2634 statim

364 2647 507 2680 restituit
537 2648 604 2691 30,
642 2649 697 2682 18.
738 2646 883 2680 instituit
924 2655 1026 2691 equos

365 2702 489 2725 vacuos
524 2691 566 2726 ad
599 2702 728 2726 manum
763 2692 840 2726 duci
872 2693 936 2735 29,
972 2692 1027 2726 16.

366 2737 432 2778 30,
457 2737 508 2771 16.
539 2738 625 2772 idem
656 2737 838 2772 acerrimus
861 2737 1028 2771 iconocla-

367 2786 420 2816 sta
442 2783 520 2818 251.
545 2784 669 2819 acerba
691 2783 906 2829 violentaque
923 2787 1027 2817 morte

367 2828 527 2874 abreptus
546 2829 625 2866 346.

915 166 1189 213 GRETSERI

1072 275 1200 356 ιΙιοιέιΞ),
1236 275 1413 318 custodes,
1443 276 1607 312 ecclesiae
1640 277 1781 313 ministri

1071 365 1300 448 thes-‚gratius
1345 366 1434 402 idem
1483 366 1541 413 qui
1585 368 1778 406 sacellarius

1209 424 1258 456 sq.

1071 457 1268 492 Thomaites
1279 457 1458 493 triclinium
1470 457 1692 502 conflagravit
1698 460 1778 496 354.

1072 504 1183 538 throni
1201 503 1295 538 aurei
1311 504 1510 538 excelsiores
1529 504 1635 538 solitis
1649 504 1682 538 in
1697 515 1779 539 ana-

1117 549 1239 584 bathra
1255 554 1423 594 ponuntur
1442 560 1502 596 pro
1517 560 1654 584 numero
1672 551 1777 595 impp.

1117 596 1181 639 89,
1204 596 1259 631 12.
1291 596 1326 628 in
1348 594 1388 628 iis
1412 595 1560 630 coronati
1590 594 1692 641 impp.
1715 597 1777 630 sub

1115 639 1251 684 liturgia
1275 640 1449 674 consident
1471 641 1535 683 92,
1565 643 1623 676 21.
1646 641 1681 675 in
1705 641 1779 675 aliis

1115 686 1235 720 sedent
1267 685 1419 720 dominae
1453 687 1517 730 89,
1548 687 1602 722 17.
1637 688 1777 721 thronus

1115 742 1137 765 a
1159 731 1310 776 Corippo
1334 731 1522 777 descriptus
1543 733 1622 768 328.

1070 777 1170 812 thure
1205 778 1390 811 honoratur
1421 778 1500 823 imp.
1534 777 1578 812 ad
1614 788 1777 823 vesperas

1115 824 1150 858 in
1174 834 1202 858 s.
1244 823 1393 869 Sophiae
1424 825 1490 868 76,
1534 825 1587 861 17.
1622 830 1659 857 et
1690 822 1779 857 feria

1115 869 1231 915 quinta
1264 868 1412 915 paschali
1441 869 1475 903 in
1506 869 1632 915 palatio
1666 879 1687 902 a
1716 879 1778 914 pa-

1115 915 1265 949 triarcha
1294 914 1449 949 visitatus
1480 915 1545 956 77,
1578 917 1632 950 10.
1669 918 1706 948 et
1741 913 1776 948 in

1116 961 1332 995 coronatione
1347 960 1444 994 etiam
1460 971 1480 994 a
1494 959 1691 995 secundario
1705 959 1778 994 dia-

1117 1017 1274 1041 conorum
1303 1005 1369 1048 95,
1401 1006 1436 1042 4.
1470 1007 1535 1049 96,
1569 1009 1602 1043 6.
1632 1006 1778 1050 itemque

1117 1052 1336 1097 thymiamata
1358 1051 1432 1085 loco
1456 1063 1562 1096 rogae
1585 1051 1688 1085 dabat
1715 1062 1778 1096 pa-

1115 1098 1265 1132 triarcha
1287 1098 1376 1132 festo
1392 1097 1607 1131 catecheseos
1621 1098 1700 1133 312.
1718 1108 1778 1130 co-

1115 1148 1253 1178 ronatus
1283 1143 1362 1197 imp.
1395 1142 1697 1178 communicaturus
1724 1142 1776 1176 in-

1116 1193 1235 1224 censat
1255 1188 1477 1234 patnarcham
1491 1192 1528 1223 et
1539 1199 1668 1223 sacram
1683 1199 1778 1222 men-

1115 1246 1185 1270 sam
1208 1235 1274 1278 96,
1295 1236 1424 1271 2—5.

1070 1280 1159 1315 tiara
1191 1291 1258 1314 non
1289 1283 1429 1314 utuntur
1461 1278 1589 1313 Graeci
1626 1277 1777 1324 episcopi

1116 1330 1250 1379 praeter
1273 1324 1535 1359 Alexandrinum
1559 1325 1637 1370 169.
1653 1323 1776 1358 tiaram

1114 1370 1318 1416 imperialem
1332 1374 1410 1404 ante
1427 1370 1462 1406 b.
1488 1369 1578 1414 virg.
1600 1368 1775 1412 imaginem

1114 1416 1205 1451 humi
1235 1416 1379 1461 positam
1410 1415 1534 1450 tollens
1563 1414 1774 1449 Cantacuze-

1115 1473 1177 1496 nus
1200 1461 1263 1496 sibi
1286 1461 1426 1506 imponit
1441 1461 1522 1496 329.

1069 1510 1229 1542 tonsurae
1259 1506 1423 1542 clericalis
1460 1505 1579 1541 modus
1619 1504 1777 1550 antiquus

1117 1553 1270 1588 diversus
1293 1563 1313 1587 a
1337 1555 1485 1587 nostrate
1509 1553 1584 1587 170.

1072 1602 1207 1643 torques
1228 1599 1270 1632 fit
1295 1609 1338 1632 ex
1361 1608 1444 1632 auro
1460 1596 1592 1631 diducto
1616 1599 1651 1630 et
1669 1595 1778 1631 tribus

1116 1644 1274 1678 funiculis
1298 1647 1456 1678 contexto
1492 1642 1557 1687 50,
1591 1643 1646 1677 17.
1678 1653 1779 1675 exer-

1116 1690 1242 1725 cituum
1266 1689 1368 1724 duces
1383 1689 1537 1723 ferebant
1561 1692 1698 1733 torques
1720 1687 1778 1728 54,

1117 1737 1174 1772 10.
1205 1735 1249 1770 iis
1278 1734 1419 1781 primum
1448 1733 1541 1768 exuti
1570 1745 1616 1768 ss.
1647 1737 1778 1777 marty-

1117 1792 1173 1815 res
1197 1782 1261 1823 50,
1282 1782 1337 1816 15.

1071 1826 1269 1862 traditiones
1285 1825 1488 1872 apostolicas
1507 1827 1543 1860 et
1559 1823 1689 1859 divinas
1704 1832 1778 1857 cum

1118 1872 1266 1906 conciliis
1286 1871 1365 1918 imp.
1389 1870 1551 1906 creandus
1578 1868 1699 1915 recipit
1721 1869 1778 1911 86,

1072 1962 1377 2008 transfigurationis
1411 1963 1499 1996 festo
1539 1958 1666 2014 Graeci
1691 1957 1778 1992 ieiu-

1116 2007 1559 2133 {13i31}‘3⁶¹1¹32‘13¹3¹220².?31i1
1570 2013 1777 2084 ‘'zss'tffi

1071 2123 1235 2187 triang’ula
1267 2142 1424 2188 phelones
1457 2141 1565 2175 forma
1605 2138 1776 2173 Christum

1115 2189 1306 2232 angularem
1338 2187 1479 2232 lapidem
1507 2185 1675 2230 significat
1698 2186 1774 2221 167.

1071 2233 1277 2268 tribunorum
1308 2232 1477 2267 flammula
1506 2242 1594 2277 pone
1629 2231 1709 2275 imp.
1740 2234 1777 2263 et

1071 2275 1775 2369 maffia?3322‘3325222335243:

1116 2371 1324 2416 topedarcha
1345 2370 1412 2410 42,
1439 2371 1495 2405 12.
1747 2410 1755 2419 ι

1071 2416 1309 2462 tricephalum,
1331 2427 1351 2450 a
1365 2415 1474 2461 trihus
1494 2412 1679 2459 capitibus,
1702 2422 1776 2445 exi-

1117 2473 1186 2507 gua
1208 2467 1342 2496 moneta
1363 2461 1437 2494 loco
1461 2470 1565 2504 rogae
1587 2469 1607 2492 a
1630 2457 1775 2504 patriar-

1117 2509 1180 2542 cha
1203 2508 1282 2541 data
1300 2509 1380 2543 312.
1742 2545 1751 2554 ⁶

1071 2553 1273 2587 tricesimum
1298 2553 1331 2586 b.
1355 2550 1492 2594 virginis
1512 2550 1702 2594 assumptae
1718 2557 1774 2592 pro

1118 2610 1209 2633 more
1227 2604 1332 2642 agunt
1356 2595 1518 2630 Germani
1539 2595 1618 2630 343.
1751 2636 1760 2645 ς

1072 2645 1271 2678 tricliniares
1311 2643 1390 2676 lecti
1423 2640 1615 2675 decaennei*
1647 2637 1775 2691 pal-atii,

1117 2690 1173 2723 ubi
1217 2690 1251 2724 in
1298 2687 1476 2723 nativitate
1516 2685 1658 2720 accubat
1695 2693 1775 2728 imp.

1071 2737 1245 2815 triglinium
1269 2779 1418 2825 repletur
1440 2777 1533 2811 lauro
1549 2786 1569 2808 a
1585 2772 1699 2819 pueris
1714 2773 1774 2806 ho-

1116 2826 1259 2860 norariis
1279 2825 1314 2859 in
1337 2834 1454 2868 magno
1477 2819 1616 2857 sabbato
1639 2820 1705 2863 73,
1741 2818 1775 2852 2.
