1820 3178
265 168 358 214 122
477 167 752 212 GRETSERI
770 169 842 212 ET
861 169 1036 213 GOARI
1053 169 1493 216 COMMENTARIUS

255 281 411 328 meister,
440 281 527 330 quia
545 280 716 319 ecclesiae
740 280 913 332 pecunias
936 280 1132 335 curabant,
1154 280 1412 334 asservabant,
1437 283 1706 334 expendebant.

254 341 293 373 et
316 337 406 374 haec
429 340 486 374 est
508 338 679 388 primaria
704 337 962 388 appellationis
990 338 1097 376 huius
1111 339 1229 390 ratio,
1257 340 1376 390 petita
1391 339 1561 378 nimirum
1579 354 1604 380 a
1625 355 1706 380 sac-

253 393 351 443 culo,
378 394 450 431 hoc
465 398 523 432 est
540 394 587 432 ab
605 395 746 432 aerario
768 393 1033 446 ecclesiastico,
1064 395 1121 433 cui
1136 401 1342 446 praeerant.

343 469 423 514 p.4
449 481 484 504 v.
510 471 542 503 1.
591 467 612 504 ὁ
645 466 756 515 μέγας
780 467 1026 523 σακελλάριος]
1056 466 1131 505 α’πὸ
1159 470 1227 504 τοῦ
1249 469 1439 504 σακελλίου
1473 471 1594 507 dictus.
1639 482 1702 506 σα-

251 481 394 548 κὲλλιον
434 513 651 560 βαλάντιον,
677 516 907 559 μαρσύπιον,
945 515 993 550 ait
1025 515 1169 550 Suidas.
1201 516 1385 550 loculorum
1407 516 1524 561 itaque
1546 521 1582 551 et
1602 529 1706 562 pecu-

253 560 379 594 uiarum
405 565 516 595 custos
544 567 597 595 est
619 561 825 595 sacellarius
875 562 959 594 hanc
991 561 1233 616 expositionem
1257 562 1335 595 mihi
1358 563 1512 617 suggerit
1529 562 1707 598 Balsamon

246 605 363 639 Medit.
387 606 430 639 de
447 607 658 662 protecdico·
675 604 778 651 παρὰ
796 610 874 662 τοῖς
882 604 1077 662 Ῥωμαίοις
1091 604 1287 641 σάκκελλον
1301 604 1403 651 παρὰ
1419 604 1460 642 τὸ
1476 607 1629 643 διοικεῖν
1643 607 1707 643 καὶ

251 651 448 694 φυλάττειν
470 648 556 687 ἐστι’.
605 650 751 696 λέγεται
769 647 837 687 οὖν
850 650 1086 707 σακελλζοὶριος
1101 649 1121 687 ὁ
1137 653 1211 686 τῶν
1225 653 1479 698 μοναστηρίων
1499 653 1704 708 damnumst.-

249 696 314 730 viri
338 698 558 732 Latinorum‘
548 699 659 742 ignari
682 699 793 743 dirige
808 699 861 732 vel
894 699 1026 742 corrige
1049 698 1214 743 linguam:
1250 704 1392 734 mentem
1418 699 1578 745 percipe,
1609 700 1706 744 quasi

248 742 341 776 dicat
374 739 394 752 ‘
399 745 555 778 sacellum
577 744 873 779 administrationis
897 744 1139 789 custodiaeque
1166 744 1332 779 rationem
1365 756 1478 780 secum
1506 745 1615 779 vehit:
1647 746 1722 788 ubi

249 799 309 832 er:0
300 800 331 821 o
357 790 525 823 sacellarii
547 790 691 835 mentio,
731 790 907 824 confestim
936 790 1214 824 monasteriorum
1236 789 1485 825 administrator
1505 791 1707 826 obversetur

249 816 372 868 oculis’'
378 859 388 868 .
435 836 582 890 ‹sptimez
607 847 681 869 nam
707 842 740 870 et
763 837 971 892 Stephanum
997 837 1148 877 Persam,
1167 847 1265 881 quem
1285 836 1499 891 Nicephorus
1515 837 1706 882 patriarcha

248 880 384 914 rctuioev
399 882 471 915 τῶν
487 881 682 927 βασιλικῶν
695 879 910 926 χρημάτων,
942 882 1174 936 Theophanes
1190 881 1427 925 σακελλοὶριον
1453 886 1566 917 vocat.
1612 883 1704 928 quod

248 926 352 969 igitur
377 938 575 962 oeconomus
595 939 738 972 magnae
761 928 943 969 ecclesiae,
968 928 1000 961 id
1025 927 1217 962 sacellarius
1241 928 1450 962 monasteriis
1469 931 1641 974 praestat.
1665 932 1705 962 ut

247 972 399 1006 nimirum
422 985 538 1007 eorum
562 973 658 1008 bonis
681 974 902 1008 custodiendis
916 973 1089 1029 invigilet.
1136 973 1308 1030 perpende
1335 974 1416 1007 baec
1446 985 1489 1008 ex
1524 974 1702 1008 Allatiams

248 1023 426 1073 excerpta:
548 1017 631 1074 έγας
653 1016 886 1062 σακελλοὶριος
909 1014 1158 1054 {aronensem
1186 1017 1250 1052 καὶ
1281 1016 1437 1061 ἐρευνῶν
1453 1016 1499 1054 τοὶ
1527 1016 1702 1064 ἇνὸρίκια

250 1063 478 1119 μοναστήρια
474 1016 545 1100 ὁεμ
576 1063 727 1099 πάντων
756 1066 829 1099 τῶν
869 1062 1149 1119 συνερχομένων
1167 1062 1435 1108 δικαιωμάτων.
1492 1061 1636 1109 ἐπαίρει
1657 1062 1701 1099 δὲ

251 1108 508 1164 λογαριασμόν,
535 1109 702 1150 εἰσόδους
718 1109 780 1144 καὶ
803 1107 966 1154 ἐξόδους,
989 1111 1092 1166 βίους
1113 1106 1154 1143 δε
1171 1108 1235 1144 καὶ
1248 1110 1431 1150 πολιτείας
1446 1110 1517 1145 τῶν
1532 1111 1702 1154 μοναχῶν

249 1153 421 1194 ι’·ρευνῶν.
448 1156 512 1190 καὶ
528 1156 586 1195 δὶς
600 1156 694 1199 (τρὶς
708 1157 762 1201 Μ)
779 1158 846 1190 τοῦ
865 1152 1036 1190 ἐνιαυτοῦ
1054 1153 1233 1199 αναφέρει
1249 1153 1344 1190 αὐτοὶ
1360 1158 1411 1201 τῷ
1425 1152 1597 1201 ἀρχιερεῖ.
1626 1155 1702 1192 ἔστι

250 1198 292 1234 δε
309 1200 371 1234 καὶ
386 1200 438 1241 εἰς
453 1198 519 1242 τοὶς
533 1203 665 1256 κρίσεις
683 1200 735 1242 εἰς
749 1199 795 1236 τὰ
812 1199 914 1243 ὃεξια
931 1203 997 1236 τοῦ
1013 1201 1224 1258 οἰκονόμου.
1271 1202 1454 1246 adiungunt
1477 1202 1562 1236 alia:
1585 1212 1698 1245 προσ-

249 1244 354 1290 φέρει
373 1246 436 1280 καὶ
459 1244 524 1281 τὸν
538 1245 715 1301 μέλλοντα
738 1249 1049 1293 χειροτονηθῆναι
1073 1246 1125 1286 εἰς
1148 1244 1270 1289 ἱερέα,
1302 1247 1523 1292 στηκόμενος
1546 1247 1700 1292 πλησίον

247 1293 315 1326 τοῦ
343 1290 502 1336 μεγαλου
529 1290 740 1337 οἰκονόμου.
789 1305 853 1326 ιιοιι
877 1294 1018 1328 omnium
1044 1305 1143 1338 porro
1167 1298 1202 1326 et
1224 1291 1349 1337 ubique
1369 1294 1507 1327 sitorum
1530 1299 1700 1327 monaste-

247 1338 373 1372 riorum
395 1341 641 1393 praefecturam
663 1339 725 1373 sibi
758 1339 906 1372 vindicat
933 1339 1147 1380 sacellarius,
1178 1338 1257 1381 sed,
1288 1342 1328 1372 ut
1356 1338 1450 1372 aiunt
1472 1338 1582 1383 Regia
1607 1349 1698 1375 num.

244 1386 352 1426 1039,
374 1386 447 1418 τῶν
462 1397 557 1419 κατα
573 1382 641 1429 τὴν
656 1383 764 1419 πόλιν
779 1384 841 1419 καὶ
857 1385 928 1418 τῶν
944 1385 1172 1429 πειρατικῶν,
1199 1396 1313 1418 eorum
1338 1397 1424 1428 quae
1445 1385 1484 1418 in
1497 1386 1598 1430 regia
1615 1386 1698 1420 urbe

240 1442 302 1463 uec
328 1442 396 1463 uon
420 1436 454 1464 et
474 1437 571 1465 trans
587 1437 725 1485 portum
743 1432 780 1464 in
809 1433 940 1484 Sycena
965 1433 1036 1464 sive
1069 1410 1252 1465 Gala’tensi
1263 1433 1416 1487 regione
1439 1436 1518 1464 sunt
1545 1431 1698 1465 condita.

243 1471 366 1518 (31:13
377 1474 499 1530 μέγας
521 1474 735 1530 σακελοὶριος
749 1477 885 1529 φορῶν
901 1473 942 1509 τὸ
960 1475 1146 1529 στιχοίριον
1162 1471 1278 1509 αὐτοῦ
1293 1473 1356 1509 καὶ
1370 1471 1412 1509 τὸ
1429 1471 1592 1530 ὥραριον
1609 1474 1693 1532 στή-

241 1532 282 1554 κε
286 1533 345 1554 ται
370 1516 410 1555 ἔν
437 1522 492 1568 τῷ
513 1518 687 1569 εὐωνύμῳ
711 1518 812 1566 μέρει
828 1522 893 1567 τῆς
908 1520 1014 1567 ἁγίας
1029 1520 1232 1567 τραπέζης,
1261 1520 1403 1567 βαστῶν
1418 1517 1461 1556 τὸ
1478 1533 1587 1567 αγιον
1601 1517 1696 1567 ριπί-

239 1567 361 1611 διον.)

346 1637 498 1676 Interim
538 1638 609 1676 alia
651 1650 798 1689 quoque
840 1639 965 1676 munia
1003 1637 1175 1676 obibant:
1227 1649 1313 1676 nam
1359 1650 1510 1687 magnus
1546 1637 1696 1676 sacella-

240 1697 316 1732 rius
354 1699 557 1746 potestatem
604 1696 705 1733 habet
747 1698 786 1733 in
816 1698 970 1733 virorum
1002 1699 1034 1732 et
1064 1695 1245 1732 mulierum
1283 1697 1514 1742 monasteria,
1553 1707 1619 1745 quo
1659 1696 1696 1732 in

239 1764 374 1788 niunere
396 1752 603 1789 administro
623 1754 739 1789 utitur
760 1752 823 1790 illo
850 1754 912 1801 qui
933 1753 1078 1789 antistes
1099 1753 1379 1789 monasteriorum
1399 1750 1619 1802 appellatur,
1647 1751 1695 1787 de

240 1821 314 1857 quo
336 1807 502 1845 Codinus
521 1808 559 1844 in
585 1808 714 1858 quinta
735 1809 918 1859 pentade,
947 1808 1043 1844 sicut
1067 1811 1106 1845 et
1132 1806 1155 1846 ὁ“
1176 1810 1247 1846 τοῦ
1267 1808 1470 1846 σακελλίου
1487 1807 1693 1845 adiutorem

240 1863 388 1901 habet
373 1880 541 1916 αρχοντα
560 1880 641 1902 των
663 1864 901 1914 ἐκκλησιων,
930 1864 977 1901 de
1000 1877 1072 1914 quo
1092 1863 1129 1899 in
1149 1864 1278 1913 quinto
1299 1863 1474 1912 quinario.

331 1930 377 1963 ib.
409 1941 440 1962 v.
468 1931 503 1965 2.
547 1925 638 1973 ἔχων
659 1925 863 1983 ὑπουργόν]
907 1927 1071 1961 Allatiana
1109 1929 1157 1970 (et
1180 1928 1232 1970 M)
1259 1935 1382 1961 vocant
1405 1922 1689 1971 χαρτουλοῖριον.

241 1985 284 2009 ex
307 1985 374 2019 quo
401 1974 539 2019 percipe
560 1971 828 2018 χαρτουλάριον
844 1974 988 2007 scribam
1007 1973 1203 2015 inferiorem
1223 1963 1398 2007 denotare.

276 2074 285 2079 ,
350 2034 440 2072 Non
469 2033 647 2071 absimilia
678 2033 896 2070 Balsamon:
933 2044 1084 2080 magnus
1114 2032 1321 2070 sacellarius
1352 2043 1472 2069 curam
1498 2032 1591 2080 gerit
1619 2044 1689 2070 mo·

237 2093 485 2137 austeriorum,
509 2094 583 2128 tam
605 2102 718 2126 eorum
740 2102 828 2138 quae
845 2093 924 2126 sunt
949 2091 1046 2126 intra
1074 2088 1188 2126 urbem
1213 2102 1316 2139 quam
1345 2090 1425 2126 τῶν
1455 2091 1690 2139 περατικῶν,

238 2149 309 2186 hoe
335 2151 393 2184 est
426 2159 522 2196 quae
551 2149 640 2183 sunt
671 2146 710 2182 in
738 2145 832 2182 Pera
869 2157 935 2181 seu
965 2143 1124 2195 Peraea,
1155 2158 1238 2182 cum
1265 2143 1423 2182 civitatis
1450 2144 1689 2193 imperatricis

236 2205 378 2242 decima
406 2203 516 2240 tertia
544 2202 646 2252 regio
665 2203 714 2239 sit
747 2201 842 2238 Pera
869 2213 935 2237 seu
957 2200 1116 2251 Peraea,
1151 2205 1194 2238 ut
1224 2204 1329 2251 patet
1359 2213 1404 2238 ex
1442 2201 1688 2251 descriptione

233 2261 335 2298 urbis
355 2260 601 2310 Cpolitanae,
627 2259 723 2295 inter
745 2258 846 2294 cuius
873 2257 1041 2307 regiones
1067 2257 1187 2295 locum
1218 2258 1397 2295 decimum
1420 2257 1570 2294 tertium
1590 2257 1688 2295 obti-

233 2322 298 2355 net
323 2317 483 2367 Sycena,
506 2327 600 2366 quae
624 2315 695 2352 alio
719 2315 867 2351 nomine
899 2313 993 2351 Pera
1021 2317 1060 2351 et
1089 2314 1200 2351 hodie
1226 2314 1374 2351 Galata.
1411 2326 1494 2350 cum
1518 2326 1607 2363 ergo
1636 2315 1686 2351 ad

234 2374 472 2423 Cpolitanam
501 2372 629 2409 urbem
658 2371 863 2422 pertineat,
891 2383 967 2407 non
999 2370 1179 2407 immerito
1206 2383 1330 2408 curam
1359 2373 1398 2408 et
1420 2370 1686 2420 inspectionem

232 2431 347 2467 habet
367 2429 572 2467 sacellarius
588 2429 627 2465 in
641 2427 863 2466 monasteria
888 2440 982 2476 quae
1004 2427 1043 2463 in
1073 2426 1168 2464 Pera
1183 2428 1255 2464 sita
1280 2431 1392 2476 sunt,
1419 2438 1585 2476 quaeque
1598 2426 1686 2464 Bal-

231 2499 361 2524 samon
384 2488 493 2524 vocat
517 2484 702 2523 Peratica:
730 2497 753 2521 a
775 2483 871 2520 Pera
897 2484 994 2520 enim
1017 2483 1109 2521 urbe
1135 2484 1288 2521 deduxit
1322 2484 1394 2521 hoc
1414 2495 1559 2520 nomen.

344 2541 471 2581 Minor
487 2540 695 2579 sacellarius
715 2553 782 2578 seu
800 2540 961 2577 sacellius
975 2540 1167 2577 catholicas
1187 2541 1348 2578 ecclesias
1368 2552 1434 2576 sua
1451 2541 1490 2577 in
1504 2541 1678 2588 potestate

230 2599 332 2637 habet
377 2603 410 2636 et
445 2599 576 2637 sacelin
614 2600 686 2636 sive
726 2596 926 2642 sacellium,
965 2595 1085 2645 inquit
1124 2597 1302 2634 Codinus.
1369 2595 1431 2632 ubi
1467 2594 1605 2631 mentio
1640 2591 1683 2631 fit

82 2662 112 2697 P
144 2663 211 2698 157
233 2655 378 2704 sacelli,
422 2668 488 2692 ne
521 2654 662 2704 cogites
698 2666 821 2691 curam
860 2652 1092 2690 ecclesiarum
1137 2653 1329 2689 excludere
1379 2651 1556 2689 sacellium
1594 2662 1680 2699 pro—

231 2713 311 2764 prie
351 2712 501 2749 dictum.
558 2715 597 2748 et
635 2710 801 2761 quamvis
837 2709 875 2746 in
918 2709 1164 2758 descriptione
1200 2707 1310 2746 oflicii
1347 2709 1471 2755 magni
1504 2706 1684 2743 sacellarii

231 2770 354 2805 denuo
389 2780 466 2806 non
496 2771 687 2818 repetatur
717 2780 805 2805 cura
827 2765 998 2815 sacenae,
1026 2769 1189 2803 attamen
1218 2766 1337 2814 ipsum
1364 2775 1497 2800 nomen
1530 2763 1567 2799 id
1590 2762 1681 2798 satis

230 2825 387 2863 inoleat:
412 2837 520 2863 nemo
540 2824 637 2863 enim
664 2824 835 2876 proprie,
857 2823 930 2862 imo
958 2822 1083 2861 forsan
1110 2831 1166 2860 ne
1187 2825 1276 2874 apte
1302 2820 1448 2871 quidem
1473 2818 1682 2857 nominatur
