1832 3178
275 184 339 232 74
683 188 881 234 comm
912 182 1308 233 GUROPALATAE

272 300 368 351 τοὺς
387 298 564 353 λοιπούς.
631 303 696 346 καὶ
716 301 817 357 μετὰ
841 306 969 346 ταῦτα
988 306 1061 346 τοῦ
1081 302 1361 360 ἀρχιδιακόνου
1378 305 1430 348 τὰ
1448 303 1639 363 εἷρηνικά,
1667 304 1723 358 ὥς

132 374 160 407 1‘
189 374 254 409 106
277 368 394 421 ἔθος,
439 369 633 422 εἰπόντος,
677 369 699 414 ὅ
727 375 1002 427 πρωτοπαπᾶς
1032 371 1193 424 ἄνοῖξας
1228 372 1301 428 τὴν
1326 372 1464 431 θύραν
1494 374 1564 418 διὰ
1585 374 1723 431 χειρὸς

277 439 491 495 εῗσέρχεται
520 434 638 490 οὗτός
663 456 704 482 τε
734 441 799 481 καὶ
819 439 856 482 οἳ
877 441 971 493 μετ’
996 441 1122 484 αὐτοῦ
1144 443 1187 483 ἐν
1205 445 1255 498 τῇ
1275 443 1461 503 ἐκκλησία
1471 475 1485 495 ,
1517 443 1564 486 τὸ
1588 441 1722 486 αοἴνα--

271 505 450 557 στάσεως
489 506 644 564 ἡμέρα,
699 511 1028 564 λαμπρυνθῶμεν
1061 511 1155 551 λαοί
1159 509 1210 562 ,²²
1254 509 1498 570 γεγωνοτέρᾳ
1525 514 1577 568 τῇ
1605 517 1722 569 φωνῇ

267 574 504 630 ψάλλοντες.
574 576 621 618 οὗ
654 576 736 630 μὴν
769 580 849 619 τῶν
876 580 1018 632 θυρῶν
1046 576 1103 620 ἔτι
1133 579 1416 633 κεκλεισμένων
1441 579 1572 623 οὐσῶν
1604 579 1777 637 staff-5053

268 642 325 694 ὥς
346 645 387 686 ἓν
406 647 571 694 πολλαῖς
591 648 670 686 τῶν
691 645 907 700 ἐκκλησιῶν
925 645 1100 701 λέγεται,
1135 646 1180 688 τὸ
1196 644 1353 703 “dirime
1369 645 1498 698 πύλας
1518 648 1557 690 οἱ
1575 646 1724 706 ἄρχον-

268 729 333 761 τες
348 710 493 765 ὖμῶν”
517 714 584 754 καὶ
603 712 654 755 τὰ
675 711 780 766 ἑξῆς.
847 714 949 767 μετὰ
970 715 1015 756 δέ
1032 713 1104 768 τὴν
1124 713 1319 758 ἀπόλυσιν
1341 719 1416 759 τοῦ
1435 715 1592 773 ὄρθρου
1601 747 1616 767 ,
1649 721 1724 759 τοῦ

269 784 523 835 πριοτοπαπᾶ
553 782 621 822 καὶ
651 786 723 824 τοῢ
753 780 1034 835 ἀρχιδιακόνου
1062 783 1286 836 ἱσταμένων
1315 785 1357 826 ἓν
1383 791 1468 835 τοῖς
1498 781 1724 841 προθύροις

270 854 341 890 τοῦ
358 847 566 903 βήματος,
599 854 672 892 τοῦ
691 851 765 904 μὲν
792 850 837 893 τὸ
862 851 1086 907 εὐαγγέλιον
1109 857 1182 894 τοῦ
1205 852 1248 894 δὲ
1275 852 1345 895 τὸν
1373 852 1550 909 σταυρὸν
1577 853 1724 909 φέρον-

269 934 363 968 τος,
397 918 613 974 εἰσέρχεται
638 916 659 960 ὁ
676 916 890 972 βασιλεύς,
937 921 1004 961 καὶ
1031 919 1077 962 τὸ
1107 924 1266 977 πρῶτον
1293 918 1512 973 ἀσπάζεται
1534 920 1580 964 τὸ
1604 921 1722 977 εὗαγ-
1735 929 1779 964 10

271 986 411 1041 γε’λιον,
449 984 533 1028 εἶτα
560 986 630 1028 τὸν
659 991 947 1043 πρωτοπαπᾶν,
983 987 1116 1031 ἔπειτα
1137 988 1207 1030 τὸν
1223 989 1398 1046 σταυρὸν
1418 991 1485 1032 καὶ
1509 988 1578 1032 τὸν
1604 989 1724 1045 ἀρχι-

223 1064 253 1099 Β
276 1052 476 1097 διάκονον.
543 1055 585 1097 ἓν
604 1053 687 1113 ὅσῳ
707 1051 777 1098 οὖν
794 1057 941 1112 γίνεται
967 1054 1116 1108 οὕτως,
1148 1061 1360 1110 βασιλικοῦ
1379 1056 1533 1114 θρόνου
1555 1074 1596 1101 τε
1619 1055 1724 1100 ἕτοι-

271 1123 501 1177 μασθέντος
522 1124 564 1165 ἓν
584 1128 641 1181 τῷ
662 1126 869 1182 τρικλίνῳ,
914 1123 999 1178 ἅμα
1029 1130 1086 1183 τῷ
1116 1125 1291 1175 ἐξελθεῖν
1321 1130 1394 1181 τῆς
1420 1127 1629 1181 ἐκκλησίας
1654 1125 1724 1168 τόν

273 1191 468 1246 βασιλέα,
514 1193 580 1234 καὶ
610 1196 689 1235 τῶν
718 1197 860 1249 θυρῶν
891 1196 1164 1246 κλεισθεισῶν,
1198 1196 1354 1246 καθίζει
1377 1195 1439 1236 ἐπὶ
1462 1199 1534 1237 τοῦ
1558 1192 1723 1251 θρόνου,

269 1265 342 1302 τοῦ
363 1259 540 1315 μεγάλου
567 1262 801 1315 ὃομεστίκου
832 1261 905 1316 τὴν
933 1261 1099 1317 σπάθην
1129 1262 1333 1319 φέροντος.
1403 1265 1470 1306 καὶ
1492 1261 1518 1317 ἦ
1546 1263 1619 1317 μὲν
1641 1266 1723 1305 λει-
1737 1270 1777 1306 15

269 1329 437 1383 τουργιά
457 1328 657 1383 ψάλλεται
682 1327 842 1384 ἡσυχιῢς
861 1331 978 1386 μέχρι
1001 1332 1068 1372 καὶ
1088 1335 1160 1385 τῆς
1178 1329 1439 1386 ἀναγνώσεως
1455 1335 1529 1374 τοῦ
1548 1328 1725 1374 ἀποστό-

270 1400 365 1447 λου,
402 1397 439 1438 οἳ
470 1397 513 1438 ‹5'
548 1396 737 1452 ἄρχοντες
766 1396 910 1449 πάντες
938 1396 1203 1455 εἰσερχόμενοι
1227 1399 1392 1449 ἕκαστος
1419 1400 1538 1456 μέχρι
1560 1401 1627 1441 καὶ
1651 1403 1724 1442 τοῦ

268 1463 438 1518 ἐσχάτου
467 1465 711 1518 ἀσπάζονται
735 1471 893 1522 πρῶτον
917 1467 990 1520 μὲν
1024 1467 1093 1509 τὸν
1123 1468 1250 1517 δεξιὸν
1277 1466 1384 1510 πόδα
1410 1472 1484 1510 τοῦ
1511 1467 1723 1521 βασιλέως,

268 1531 352 1576 εἶτα
373 1533 447 1588 τὴν
467 1534 600 1584 δεξιὰν
612 1541 731 1590 χεῖρα
751 1537 816 1576 καὶ
836 1535 928 1588 μετ’
954 1535 1080 1589 αὐτὴν
1100 1536 1171 1590 τὴν
1189 1537 1322 1586 δεξιὰν
1345 1536 1470 1578 αὐτοῦ
1494 1533 1675 1591 παρειάν.

405 1603 458 1643 Εἷ
476 1603 519 1644 δὲ
536 1603 576 1644 ἓν
597 1596 630 1661 ᾧ
649 1601 759 1660 τόπῳ
788 1601 1009 1660 εὑρίσκεται
1031 1602 1121 1646 τότε
1141 1602 1163 1646 ὃ
1181 1602 1392 1657 βασιλεύς,
1435 1603 1491 1646 ἕνι
1513 1606 1579 1646 καὶ
1605 1613 1779 1650 ποτε-ΞΟ

268 1667 414 1720 στάτος
442 1674 521 1713 τῶν
551 1673 592 1713 ἓν
620 1675 679 1729 τῷ
707 1673 748 1711 Γ
745 1675 876 1731 αλατᾷ
903 1673 943 1711 Γ
939 1677 1136 1723 ενουῖτῶν,
1172 1673 1387 1729 εῗσέρχεται
1413 1674 1478 1715 καὶ
1505 1670 1723 1724 ἀσπάζεται

214 1747 244 1781 C
270 1740 336 1779 καὶ
361 1733 477 1789 οὗτος
496 1741 598 1792 μετὰ
619 1744 698 1782 τῶν
716 1740 790 1782 σὺν
809 1742 919 1798 αὐτῷ
935 1740 1005 1783 τὸν
1023 1741 1208 1794 βασιλέα,
1242 1742 1355 1783 καθὰ
1375 1742 1442 1783 καὶ
1462 1740 1499 1783 οἱ
1521 1740 1723 1796 ἄρχοντες,

268 1804 324 1856 ὥς
343 1806 586 1861 δεδήλωται,
621 1807 710 1862 ’ἤτοι
730 1809 799 1850 τὸν
818 1808 945 1860 πόδα,
979 1809 1052 1863 τὴν
1067 1816 1186 1864 χεῖρα
1211 1811 1278 1850 καὶ
1303 1810 1376 1863 τὴν
1397 1808 1567 1866 παρειὰν
1585 1810 1724 1851 αὐτοῦ.

364 1905 382 1937 1
407 1902 470 1937 καὶ
500 1901 590 1958 μετὰ
627 1903 747 1938 ταῦτα
782 1901 875 1947 λέγει
909 1900 930 1937 δ
966 1901 1224 1948 ἄρχιδιιίκονος
1251 1901 1297 1936 τὰ
1323 1902 1510 1959 εἰρηνικά,
1547 1900 1599 1942 αἷς
1622 1900 1724 1947 ἔθος,

362 1944 452 1992 ὅλην
485 1946 552 1992 τήν
588 1945 713 1993 ἐκτενῆ
743 1961 861 1994 margo
885 1949 914 1982 P
1100 1950 1142 1982 10
1173 1947 1234 1982 καὶ
1267 1947 1361 1982 κατὰ
1389 1959 1522 1993 πρωτοι
1550 1960 1682 2005 margo
1694 1949 1723 1982 P

363 1996 408 2029 12
419 2005 520 2050 γουν
542 1994 681 2050 γίνεται
700 1995 814 2028 τοῦτο
837 2005 955 2039 margo
977 1993 1006 2027 Ρ
1097 1994 1144 2029 23
1164 1991 1215 2035 ὣς
1231 1993 1436 2039 δεδήλωται
1450 2006 1504 2029 om
1518 1993 1550 2028 A
1641 1991 1726 2039 τὸν]

359 2038 497 2075 τούτου
516 2037 583 2074 τὸν
599 2041 628 2074 Β

268 2130 327 2153 ces
358 2130 422 2164 pro
453 2131 558 2164 pace,
595 2123 634 2152 ut
658 2118 763 2152 moris
788 2121 865 2163 est,
899 2117 1091 2161 recitante;
1125 2123 1319 2164 protopapa
1349 2119 1511 2176 aperiens
1535 2130 1636 2154 manu
1659 2130 1724 2154 sua

266 2165 362 2199 fores
386 2165 594 2208 ingreditur.
643 2164 702 2209 qui
727 2175 801 2197 cnm
825 2164 987 2198 comitatu
1011 2175 1073 2197 suo
1097 2164 1132 2198 in
1157 2165 1303 2199 ecclesia
1325 2163 1443 2200 illud‘
1445 2162 1724 2200 resurrectionis

266 2210 362 2252 dies;
390 2211 597 2264 exsultemus
622 2205 767 2255 populi''
791 2210 992 2244 sonantiore
1017 2215 1051 2243 et
1071 2209 1271 2245 sublimiore
1294 2223 1381 2246 voce
1405 2212 1580 2246 decantat.
1627 2217 1705 2246 cete

263 2267 338 2290 rum
371 2256 484 2290 ianuis
517 2256 629 2312 adlinc
658 2255 784 2290 clausis
814 2267 882 2289 non
917 2261 1062 2300 usurpat
1092 2255 1198 2298 illud3
1239 2262 1344 2313 prput
1367 2257 1402 2291 in
1427 2257 1541 2291 multis
1565 2256 1722 2291 ecclesiis

263 2302 427 2336 usitatum
454 2308 527 2346 est,
563 2298 735 2336 “attollite
770 2307 888 2346 portas
921 2301 1102 2355 principes
1129 2299 1290 2336 vesti-3⁸⁹³
1320 2307 1356 2337 et
1377 2308 1507 2337 cetera.
1555 2301 1723 2336 absolutis

262 2347 442 2383 matutinis
474 2347 653 2391 laudibus,
686 2353 879 2393 protopapa
913 2354 950 2381 et
971 2347 1248 2381 archidiacono·
1238 2360 1274 2381 ιιι
1300 2347 1472 2383 vestibulo
1495 2347 1587 2382 sacri
1609 2347 1721 2382 tribu-

263 2394 352 2427 nalis
375 2394 561 2436 stantibus,
587 2393 695 2429 altero
721 2393 935 2446 evangelium
962 2393 1071 2427 altero
1098 2404 1230 2427 crucem
1249 2399 1423 2438 portante,
1445 2393 1667 2438 ingreditur*
1657 2405 1722 2427 ιιιι-

261 2445 426 2485 perator3
463 2445 498 2474 et
530 2440 640 2485 primo
672 2438 809 2492 quidem
845 2439 1020 2473 osculatur
1054 2440 1291 2483 evangelium,
1324 2439 1450 2474 deinde
1482 2446 1722 2484 protopapam,

261 2491 388 2539 postea
417 2497 554 2519 crucem
588 2492 624 2519 et
653 2484 945 2519 archidiaconum.
993 2485 1071 2518 dum
1097 2484 1182 2519 haec
1206 2486 1310 2529 fiunt,
1347 2485 1570 2530 imperatorio
1596 2484 1722 2518 throno

261 2532 329 2565 iam
355 2531 546 2575 instructo,
582 2530 681 2565 simul
712 2541 753 2564 ac
776 2530 965 2583 imperator
989 2541 1032 2563 ex
1054 2530 1202 2564 ecclesia
1225 2531 1298 2565 exit
1321 2532 1485 2576 foresque
1505 2530 1720 2573 clauduntur,

261 2576 354 2610 ille
346 2589 379 2610 ιιι
402 2577 490 2611 solio
510 2577 653 2620 residet,
676 2588 798 2630 magno
814 2575 1003 2610 domestico
1027 2587 1142 2609 ensem
1167 2581 1426 2622 praeportante
1451 2575 1592 2629 liturgia
1614 2574 1722 2608 tacite

262 2622 423 2667 psallitur
450 2634 559 2676 usque
582 2624 625 2657 ad
649 2621 797 2676 apostoli
820 2621 1017 2655 lectionem.
1047 2633 1209 2666 proceres
1234 2634 1317 2656 vero
1342 2633 1459 2656 omnes
1483 2620 1587 2655 etiam
1611 2631 1722 2664 usque

263 2668 308 2702 ad
343 2668 563 2703 novissimum
588 2668 737 2713 ingressi
767 2667 964 2702 osculantur
986 2667 1096 2711 primo
1121 2668 1259 2712 quidem
1283 2669 1441 2702 dextrum
1463 2667 1587 2712 pedem
1609 2665 1720 2711 impe—

263 2715 405 2756 rami-is,
429 2715 555 2748 deinde
577 2716 730 2749 dextram
755 2724 899 2756 manum,
928 2718 1050 2765 postea
1073 2714 1228 2748 dextram
1251 2725 1387 2757 genam.

356 2759 397 2792 Si
418 2771 516 2804 vero,
542 2772 583 2795 eo
609 2761 683 2794 loco
708 2760 743 2794 in
765 2771 833 2805 quo
856 2764 1016 2792 versatur
1038 2757 1239 2812 imperator,
1263 2760 1311 2794 sit
1330 2768 1468 2803 quoque
1485 2755 1721 2790 Genuensium

263 2804 301 2839 in
333 2806 461 2840 Galata
495 2811 691 2850 potestatus
723 2817 786 2840 seu
818 2804 1032 2850 praefectus,
1070 2803 1266 2848 ingreditur
1299 2803 1542 2847 osculaturque
1575 2807 1612 2836 et
1644 2802 1721 2847 ipse

264 2862 340 2886 cum
364 2852 528 2887 comitatu
551 2864 614 2887 suo
637 2852 892 2898 imperatorem,
915 2850 1196 2896 quemadmodum
1219 2855 1256 2885 et
1277 2859 1453 2896 proceret,
1474 2852 1514 2882 ut
1528 2847 1721 2893 expositum
