1864 3164
297 171 394 219 412

291 304 294 306 v
339 279 406 322 42,
436 277 471 315 4.
505 279 756 315 hetaeriarchae
782 280 826 315 ad
859 281 1000 316 circum-

341 325 520 360 stationem
537 332 661 360 vocant
679 326 761 360 alios
775 328 840 368 35,
858 327 890 361 3.
908 339 998 361 eam-

340 383 407 415 que
431 371 617 406 mittendam
641 372 830 416 significant
845 373 926 408 ibid.
946 376 999 409 10.

339 417 572 451 hetaeriarcha
594 417 702 460 dictus
731 429 753 452 a
783 417 1000 452 conciliandis

341 462 454 496 amicis
468 487 478 504 ,
502 464 558 497 vel
580 474 601 496 a
620 463 756 496 cohorte
771 463 906 497 militari
923 465 998 499 190.

336 508 459 541 dicitur
491 512 525 541 et
555 508 815 551 megaltriarcha
853 514 890 543 et
929 521 999 544 me-

337 553 592 597 ga'e‘taeriarcha
614 554 699 590 ibid.

291 598 525 632 hetaeriarcha
558 609 718 643 magnus,
755 599 849 633 offic.
891 599 997 645 palat.

335 646 398 687 10,
424 646 458 680 5.
494 643 565 678 eius
595 644 741 688 insignia
771 647 836 686 22,
860 647 893 680 7.
917 645 998 679 offi-

337 689 423 723 cium
449 690 583 724 exsules
607 690 758 735 recipere
782 691 848 731 36,
873 692 905 725 6.
937 703 998 725 ex-

337 739 470 779 spectat
494 735 644 769 conclavi
669 746 878 780 egressurum
902 737 999 782 imp.,

335 786 438 814 vocat
460 791 619 825 proceres
634 781 675 814 ad
699 781 998 816 circumstationem

335 827 400 868 34,
427 828 479 861 19.
510 827 566 862 22.
601 827 762 872 proponit
795 827 829 860 in
855 827 998 862 circum-

336 872 484 905 statione
510 873 646 916 negotia
675 873 739 913 35,
773 874 828 907 16.
862 873 933 907 eius
955 873 998 908 ad

338 928 484 951 mensam
505 917 584 963 imp.
612 917 827 952 ministerium
851 920 919 962 56,
945 922 976 954 1.

294 962 491 997 heterodoxi
516 963 582 998 toti
610 963 687 998 bilis
713 969 788 998 sunt
815 964 1001 1006 audientes,

338 1009 456 1043 summi
478 1009 647 1054 pontificis
671 1009 788 1053 pedem
807 1010 921 1043 osculo
937 1010 1001 1044 coli

336 1056 416 1090 328.
438 1055 538 1088 iidem
558 1059 592 1089 et
615 1054 784 1100 patienter
806 1061 842 1089 et
859 1055 1001 1090 demisse

337 1099 569 1146 prociduoque
591 1111 680 1144 genu
707 1105 819 1144 togam
844 1101 999 1134 osculan-

337 1151 393 1179 tur
415 1145 493 1190 imp.
517 1146 655 1180 Turcici
672 1146 752 1180 ibid.
768 1156 915 1190 suosque
934 1158 996 1191 pe·-

336 1191 398 1224 des
422 1191 571 1225 vicissim
594 1192 709 1227 osculo
734 1192 915 1226 honoratos
937 1193 997 1226 de·

333 1241 471 1270 cantant
492 1238 571 1271 329.

288 1281 465 1316 hierarcha
488 1293 590 1327 super
613 1286 715 1326 caput
737 1293 767 1319 s.
784 1282 996 1326 evangelium

302 1342 304 1344 >
333 1332 428 1361 tenet
459 1327 535 1361 dum
558 1332 774 1361 consecratur
798 1328 875 1363 169.

286 1372 565 1406 hieromnemonis
606 1383 724 1407 munus
774 1373 851 1408 137.
901 1372 996 1407 iuvat

332 1418 544 1452 canstrisium
572 1418 608 1452 in
638 1418 813 1452 vestiendo
847 1419 995 1463 patriar-

332 1465 421 1505 clia3
446 1464 474 1497 si
509 1463 554 1497 sit
585 1463 745 1498 sacerdos
773 1475 839 1497 non
862 1463 941 1497 licet
964 1462 996 1497 ei

331 1510 428 1553 fungi
455 1509 568 1543 officio
602 1509 734 1543 diaconi
765 1520 809 1543 ex
840 1510 996 1543 Graeco-

331 1566 404 1589 rum
428 1566 545 1588 errore
576 1555 657 1588 ibid.
690 1554 761 1589 eius
793 1554 860 1588 tria
881 1554 996 1588 officia

330 1600 530 1646 inspiciendi
563 1611 683 1645 preces
724 1610 784 1634 seu
823 1600 996 1644 suffragia,

330 1645 382 1679 ius
403 1645 640 1679 enthroniasmi
667 1650 702 1679 et
725 1645 870 1680 contacii
891 1646 999 1680 fusius

331 1692 502 1736 explicata
528 1692 604 1727 138.
631 1692 706 1726 139.

285 1737 512 1782 Hispanorum
530 1737 654 1771 nuntiis
678 1740 831 1783 paratum
850 1736 995 1781 Megau-

332 1794 392 1816 rae
416 1783 572 1827 palatium
596 1783 675 1817 302.

286 1826 521 1872 Hodegetriae
548 1827 687 1872 virginis
719 1828 830 1872 imago
862 1831 928 1871 70,
959 1828 994 1863 3.

334 1873 467 1918 pietatis
491 1885 593 1908 causa
616 1874 651 1907 in
675 1874 782 1907 aulam
807 1886 849 1908 ex
878 1885 994 1908 mona-

330 1921 435 1952 sterio
460 1919 640 1964 deportata
662 1920 728 1954 315
752 1932 803 1964 sq.
826 1920 904 1954 324.
927 1930 994 1965 quo

332 1965 461 1998 honore
477 1966 520 1998 ab
535 1965 616 2010 imp.
634 1970 775 2010 excepta
794 1968 830 1998 et
845 1965 994 2006 remissa,

330 2010 488 2052 quamdiu
535 2010 569 2044 in
612 2010 739 2055 palatio
779 2010 995 2056 peregrinata

332 2056 413 2087 ibid.
431 2060 466 2088 et
481 2067 530 2099 sq.

287 2100 528 2143 liudegetrium
565 2110 626 2133 seu
657 2100 868 2144 Hodegium,
905 2102 994 2133 tem-

332 2146 422 2192 plum
447 2156 467 2178 a
493 2146 532 2179 S.
556 2144 738 2179 Pulcheria
762 2149 935 2188 structum,
960 2148 995 2178 et

332 2190 592 2232 monasterium,
638 2189 715 2223 inde
754 2190 862 2233 imago
903 2200 923 2222 a
959 2189 993 2225 d.

332 2237 428 2270 Luca
452 2236 542 2280 picta
573 2245 682 2279 eoque
704 2236 853 2278 reposita
875 2245 995 2269 nomen

334 2281 562 2325 Hodegetriae
586 2280 714 2314 invenit
734 2281 813 2315 316.

288 2327 474 2362 honorandi
495 2326 574 2372 imp.
598 2326 684 2360 ritus
707 2326 795 2374 varii
817 2327 896 2362 278.
915 2326 994 2361 331.

289 2418 460 2452 honorarii
491 2417 591 2471 pueri
621 2418 707 2451 bene
736 2416 816 2461 imp.
849 2426 995 2460 precan-

335 2469 410 2503 tur,
437 2464 501 2508 ipsi
525 2463 649 2507 iuncti,
683 2462 762 2496 nudi
793 2461 903 2515 capite
936 2462 993 2502 59,

335 2512 368 2544 2.
396 2520 480 2542 unus
504 2510 572 2544 fert
592 2509 670 2554 imp.
705 2519 814 2541 ensem
838 2518 871 2540 m
897 2505 992 2550 vigil.

334 2554 466 2589 nativit.
490 2557 555 2597 52,
587 2557 619 2590 1.
652 2565 693 2587 ex
727 2552 877 2588 manibus
907 2563 994 2596 pan-

335 2600 570 2645 hypersebasti
607 2600 696 2634 tollit
734 2598 896 2634 ferculum
937 2599 993 2639 61,

336 2647 370 2679 6.
406 2646 587 2679 scabellum
621 2645 870 2689 suppedaneum
903 2646 995 2676 tenet

336 2692 402 2733 63,
432 2693 464 2725 2.
500 2690 555 2724 uni
588 2691 732 2724 traditur
762 2690 887 2734 lampas
915 2688 994 2732 imp.

336 2736 526 2781 interrupta
557 2736 701 2769 lectione
723 2734 885 2778 evangelii
910 2733 996 2768 feria

308 2799 310 2801 v
338 2782 455 2825 quinta
473 2793 612 2825 magnae
633 2781 846 2814 hebdomadis
861 2781 916 2815 71.
938 2781 993 2814 19.

340 2828 426 2862 alius
448 2827 483 2863 in
505 2826 669 2862 dominica
692 2827 874 2871 pulmarum
900 2824 994 2860 finito

882 174 1158 218 GRETSERI

1089 280 1250 316 matutino
1265 293 1389 318 ramum
1404 293 1448 318 ex
1464 282 1654 318 ambulacro
1669 294 1745 317 car-

1089 328 1197 372 pendo
1216 328 1288 361 eius
1317 328 1494 374 diripiendi
1518 329 1577 363 dat
1592 329 1745 363 indicium

1088 375 1157 411 68.
1184 375 1236 409 17.
1261 384 1379 418 magno
1401 373 1543 409 sabbato
1568 374 1746 408 triclinium

1088 419 1219 464 replent
1234 419 1328 453 lauro
1344 421 1408 462 73,
1434 421 1467 456 2.
1483 419 1519 454 in
1533 431 1593 454 eos
1615 419 1746 465 spargit

1087 469 1268 498 coronatus
1291 465 1368 510 imp.
1402 465 1598 499 numismata
1619 467 1686 507 98,
1708 467 1745 502 9.

1086 509 1277 544 ministrant
1297 521 1432 545 mensae
1451 512 1515 552 98,
1537 512 1592 546 22.

1042 556 1147 590 horae
1181 555 1295 599 quales
1324 560 1360 590 et
1392 555 1547 600 liturgiae
1581 555 1745 600 quomodo

1087 601 1123 635 iu
1145 600 1238 645 vigil.
1271 601 1400 638 nativit.
1428 605 1593 635 canantur
1615 601 1679 643 45,
1701 603 1747 635 22

1085 658 1158 691 sqq.
1184 658 1250 690 quo
1275 647 1394 681 habitu
1422 646 1558 681 intersit
1587 647 1665 691 imp.
1688 645 1747 687 47,

1089 693 1143 727 13.
1169 692 1325 727 horarum
1349 693 1442 727 initio
1476 692 1519 726 fit
1551 691 1747 726 circumsta-

1085 737 1133 771 tio
1164 738 1229 779 45,
1259 739 1294 774 5.
1333 737 1367 772 in
1399 747 1583 784 parasceue
1611 741 1648 772 et
1683 747 1747 783 pa-

1086 783 1204 816 schate
1225 785 1290 826 72,
1317 784 1371 819 15.

1042 828 1138 862 hoste
1158 829 1351 875 propinquo
1374 828 1512 874 vigiliae
1543 827 1596 863 bis
1617 827 1746 862 obeun-

1087 873 1152 908 dae
1173 874 1240 916 84,
1265 876 1324 911 20.

1042 919 1160 960 hulac,
1177 919 1500 956 Turcico-Iunianus
1515 920 1650 954 nuntius
1663 919 1744 956 245.

1042 964 1184 1009 hymnus
1205 965 1386 999 matutinus
1409 967 1473 1007 37,
1502 967 1559 1002 20.
1581 965 1747 1010 vesperti-

1087 1021 1150 1044 nus
1170 1010 1235 1053 47,
1261 1012 1297 1047 3.
1321 1011 1462 1055 hymnos
1483 1011 1694 1055 vespertinos
1709 1010 1745 1044 in

1086 1056 1250 1100 paschate
1279 1057 1358 1102 imp.
1393 1057 1490 1091 audit
1521 1057 1564 1090 ad
1599 1056 1638 1090 S.
1673 1056 1744 1089 So-

1086 1101 1188 1145 phiae
1219 1102 1286 1145 76,
1318 1104 1373 1137 17.
1413 1102 1557 1147 hymnus
1584 1101 1745 1145 trisagius

1086 1145 1216 1180 canitur
1238 1147 1272 1180 in
1305 1147 1430 1181 lotione
1454 1147 1578 1192 pedum
1599 1148 1662 1188 70,
1686 1146 1742 1181 15.

1084 1191 1120 1225 in
1151 1193 1312 1238 paschate
1347 1193 1410 1234 76,
1447 1194 1502 1228 11.
1530 1192 1566 1226 iu
1598 1203 1744 1226 corona-

1083 1237 1179 1271 tione
1199 1238 1277 1283 imp.
1299 1239 1365 1280 89,
1400 1239 1456 1274 22.
1489 1238 1535 1274 ad
1565 1247 1640 1272 eum
1669 1247 1746 1272 sur-

1083 1287 1169 1325 gunt
1183 1283 1284 1327 impp.
1306 1285 1371 1325 93,
1398 1286 1428 1318 1.

1038 1326 1290 1373 hyperpyrum,
1336 1331 1491 1363 monetae
1535 1337 1641 1372 genus
1686 1327 1744 1369 33,

1085 1373 1140 1406 12.
1175 1374 1252 1408 259.
1285 1373 1535 1418 hyperpyrum,
1570 1377 1745 1416 gestamen

1085 1418 1206 1463 capitis
1229 1419 1337 1452 instar
1357 1418 1444 1462 ignis
1466 1418 1640 1452 flammans
1664 1419 1745 1453 291.

1039 1462 1187 1497 Ianuarii
1211 1464 1266 1497 die
1292 1465 1314 1498 6
1336 1464 1508 1497 celebrant.
1534 1463 1646 1497 Latini
1669 1462 1744 1508 epi-—

1085 1509 1239 1553 phaniam
1270 1508 1406 1553 regibus
1438 1510 1560 1542 factam
1591 1509 1670 1544 305.
1702 1519 1744 1542 eo

1084 1554 1139 1588 die
1161 1555 1302 1588 natalem
1317 1554 1478 1598 Aegyptii
1499 1554 1647 1597 agebant
1666 1554 1746 1588 304.

1085 1598 1231 1634 Ianuarii
1254 1604 1368 1634 sextus
1398 1600 1584 1644 respondet
1607 1598 1746 1634 undeci-

1087 1656 1164 1679 mae
1186 1646 1307 1680 mensis
1329 1645 1425 1688 Tybi
1445 1646 1525 1682 306.

1038 1692 1324 1726 iconomachorum
1347 1690 1502 1725 interitus
1523 1690 1604 1726 346.
1633 1705 1637 1708 ·

1039 1737 1266 1771 iconostasion
1293 1748 1361 1770 non
1387 1741 1440 1770 est
1470 1736 1640 1771 delubrum
1664 1736 1744 1771 Cal-

1085 1782 1273 1817 vinisticum
1287 1808 1298 1823 ,
1320 1782 1381 1816 sed
1403 1782 1498 1816 locus
1517 1793 1577 1827 pro
1593 1786 1744 1816 statuen-

1084 1829 1136 1862 dis
1158 1839 1217 1861 seu
1239 1827 1415 1870 affigendis
1447 1827 1643 1871 imaginibus
1664 1827 1744 1863 274.

1038 1873 1232 1918 idiomelon,
1265 1873 1436 1919 proprium
1469 1873 1551 1907 festi
1578 1873 1743 1907 canticum

1038 1964 1194 1998 ieiunium
1209 1974 1389 2009 paucorum
1400 1962 1527 1996 dierum
1540 1962 1632 1996 festis
1645 1965 1743 2006 quat-

1084 2014 1162 2043 tuor
1195 2009 1412 2053 praemittunt
1441 2007 1566 2040 Graeci
1596 2008 1675 2041 296.
1706 2007 1742 2040 id

1083 2055 1144 2088 sub
1168 2065 1288 2097 magna
1310 2052 1498 2097 impositum
1524 2063 1632 2096 poena
1655 2052 1739 2086 ibid.

1084 2104 1119 2132 et
1148 2100 1333 2143 producere
1359 2097 1453 2131 laicis
1486 2103 1562 2131 erat
1587 2097 1741 2141 liberum,

1082 2143 1252 2177 monachis
1270 2155 1311 2177 ex
1324 2142 1440 2187 regula
1455 2141 1616 2187 prolixius
1633 2143 1742 2188 impo-

1082 2189 1180 2223 situm
1204 2190 1283 2224 297.
1315 2188 1509 2222 ieiuniorum
1540 2188 1645 2232 prima
1675 2188 1740 2221 do-

1083 2235 1203 2269 minica
1227 2233 1420 2267 celebratur
1442 2233 1639 2267 orthodoxia
1660 2234 1742 2269 345.

1085 2280 1126 2314 ad
1157 2279 1432 2325 quadragesimae
1459 2278 1615 2312 ieiunium
1645 2278 1742 2312 exci-

1083 2330 1175 2360 tatus
1194 2325 1406 2370 patriarchae
1420 2335 1557 2357 munere
1572 2328 1606 2357 et
1621 2324 1742 2358 exhor-

1083 2373 1211 2405 tatione
1234 2370 1377 2415 populus
1406 2369 1622 2403 catecheseos
1650 2369 1741 2403 festo

1083 2417 1162 2452 312.
1195 2416 1291 2449 varia
1319 2414 1442 2449 ieiunia
1470 2415 1638 2448 variorum
1662 2414 1742 2448 334.

1084 2473 1126 2495 ea
1147 2461 1295 2496 varietas
1319 2472 1385 2494 non
1401 2460 1514 2494 obstat
1529 2459 1643 2493 unioni
1660 2458 1743 2492 fidei

1082 2508 1165 2541 ibid.
1190 2513 1224 2541 et
1247 2508 1326 2541 296.

1037 2563 1082 2587 ss.
1112 2553 1275 2596 imagines
1305 2550 1432 2584 Christi
1464 2549 1534 2583 nati
1564 2560 1638 2583 cum
1668 2547 1743 2582 aliis

1084 2609 1126 2632 ex
1159 2598 1311 2631 tabulato
1333 2597 1367 2630 in
1388 2595 1479 2640 vigil.
1509 2594 1642 2629 nativit.
1667 2604 1742 2626 sus-

1083 2642 1284 2722 3233&ss
1293 2642 1380 2721 'zm-³21.
1396 2652 1506 2722 &5⁰33
1521 2639 1743 2727 affigitis

1084 2733 1295 2768 renovandas
1319 2733 1461 2766 collecta
1491 2729 1639 2773 synodus
1663 2729 1743 2763 346.

1085 2779 1246 2812 ecclesiae
1272 2778 1394 2811 decora
1413 2776 1602 2821 appellatae
1618 2774 1743 2807 eidem-

1086 2835 1152 2870 que
1167 2824 1342 2859 restitutae
1352 2823 1434 2857 ibid.
1453 2819 1617 2856 dominica
1627 2819 1743 2853 ortho-
