1864 3164
324 182 420 230 234
543 181 816 228 GRETSERI
837 182 909 226 ET
929 179 1105 226 GOARI
1122 179 1560 252 COMMENTARIUS

321 289 423 370 etiam
459 294 582 335 gerunt
609 290 823 332 marescalci,
854 289 972 335 regius
1006 288 1158 336 dapifer,
1187 288 1395 336 praetoriani
1426 289 1604 334 immunes,
1634 290 1755 337 appari

341 347 416 371 ores
441 343 508 372 etc.
1744 357 1745 360 ’

436 409 471 447 p.
497 397 547 436 17
568 409 602 434 v.
627 396 687 437 11.
729 407 796 446 pro
817 389 978 447 κόμβων
998 393 1124 432 Iunius
1143 393 1273 432 eodem
1287 406 1398 433 sensu
1415 389 1593 448 κόμπων.

413 459 548 507 κόμβος
572 464 607 494 et
630 457 808 498 κόνδυλος
831 458 917 498 situ,
951 469 1016 492 non
1047 461 1165 492 natura
1190 457 1372 501 differunt,
1395 459 1491 494 velut
1514 458 1621 493 nodus
1651 463 1687 493 et
1710 470 1767 494 ra-

320 517 404 539 mus.
462 506 595 540 clarius.
652 505 798 539 calamus
836 503 934 537 nodis
975 503 1205 538 interstinctus
1253 505 1356 538 variis
1397 504 1621 550 compingitur
1667 505 1769 545 fistu-

319 552 361 585 lis
393 552 539 593 (fistulas
571 562 656 585 voco
693 561 750 584 eas
783 553 819 583 et
851 548 996 593 singulas
1026 548 1145 583 calami
1167 553 1282 594 partes
1306 549 1399 584 nodis
1420 550 1546 585 divisas
1575 550 1698 585 eisdem
1725 562 1768 586 ue

319 600 363 632 ad
387 598 526 631 invicem
551 596 751 640 connexas)=
786 605 845 629 eas
866 592 1068 635 κονδύλους
1095 595 1300 628 recentiores
1331 596 1457 629 Graeci
1486 601 1630 637 vocant,
1660 607 1703 631 no
1729 607 1768 631 os

318 651 430 678 autem
452 640 613 688 κόμβους
635 642 709 676 sive
730 637 908 685 κόμπους.
955 639 1073 681 Simon
1092 639 1230 674 Portius
1262 639 1297 674 in
1327 640 1454 675 Lexico
1484 642 1767 677 Graecobarbaro

319 687 472 724 κυνὸύλι
497 684 727 732 (κονδύλων,
750 683 944 729 κόνδυλος)
966 683 1122 730 καλάμι,
1146 682 1327 730 κάλαμος,
1350 683 1486 730 δόναξ,
1519 688 1684 723 calamus.
1732 692 1769 722 et

317 732 478 778 κόμπος,
509 730 661 777 δεσμός,
693 729 818 776 ἅμμα,-
850 728 1004 777 κόμβος,
1037 727 1142 774 ὄζος,
1169 732 1300 772 nodus,
1325 743 1429 766 nea-us
1451 733 1682 768 commissura.
1726 745 1770 768 ex

319 781 447 814 calami
470 785 582 813 tamen
604 778 647 812 ad
671 778 798 813 nodum
821 776 1066 811 necessitudine
1098 787 1198 810 unum
1230 777 1367 812 alterius
1397 777 1472 812 vice
1503 778 1661 813 substitui
1690 777 1772 812 infi-

321 826 387 860 tias
411 837 476 859 non
500 825 586 859 iero.
633 824 688 858 hic
710 823 939 864 nihilominus,
963 822 1020 856 ubi
1042 822 1137 856 varia
1162 822 1355 856 tribuuntur
1377 823 1550 868 utrisque,
1583 823 1770 866 promiscue

315 883 386 906 non
416 870 576 905 sumenda
604 869 788 904 benevolus
819 868 926 902 lector
951 868 1129 906 advertet3
1161 879 1203 901 ac
1237 867 1271 901 in
1303 868 1541 913 δικανικίοις,
1571 868 1616 902 de
1649 869 1770 924 quibus

319 929 442 960 sermo,
466 916 556 961 quod
577 915 612 949 in
632 915 827 961 pontificum
849 914 1083 958 viatorumque
1106 913 1243 956 baculis,
1267 914 1380 958 spatia
1401 914 1535 958 singula
1557 914 1771 959 κονδυλους,

321 963 442 1007 globos
466 961 614 1006 singulos
637 961 747 1006 spatia
768 959 957 994 dividentes
977 956 1138 1004 κύμβους
1155 959 1197 993 ab
1213 966 1351 993 auctore
1368 965 1507 995 vocatos
1525 959 1771 997 recordabitur,

407 1018 493 1052 ibid.
519 1015 766 1062 ἰνοκοπητῶν]
791 1016 869 1050 vice
891 1011 1100 1061 ἕγκοπτῶν,
1123 1014 1187 1048 nisi
1211 1014 1271 1048 tibi
1293 1010 1476 1061 ἕγκοπέως
1497 1015 1594 1050 simul
1617 1019 1652 1050 et
1666 1012 1769 1061 ἐγκό-

314 1075 390 1097 που
413 1063 603 1098 laboriosae
637 1063 772 1096 sublilis
803 1067 839 1096 et
870 1062 1079 1105 artificiosae
1109 1061 1307 1095 caelaturae
1332 1071 1466 1096 sensum
1493 1061 1702 1107 degenerans
1733 1062 1769 1096 in

314 1109 502 1143 barbariem
525 1120 593 1143 vox
618 1104 838 1152 ἰνοκοπητός
858 1110 1104 1152 repraesentat.

405 1167 451 1200 ib.
476 1177 511 1200 v.
537 1166 591 1202 15.
620 1161 663 1199 τὸ
690 1160 925 1206 σκαροὶνικον]
959 1162 1021 1196 soli
1055 1160 1209 1205 Georgio
1240 1161 1369 1196 Codino
1401 1166 1676 1209 vox-usurpata,
1706 1164 1769 1198 soli

316 1212 470 1256 Georgio
495 1210 637 1245 Coresio
660 1213 763 1252 nota,
798 1209 863 1242 hoc
885 1213 984 1254 pacto
1007 1207 1086 1241 mihi
1109 1206 1289 1252 exponitur
1310 1207 1344 1242 in
1366 1208 1550 1254 rescriptis.
1594 1207 1769 1254 σκαρᾶνι-

313 1269 383 1291 κον
406 1256 596 1291 vestimenti
619 1266 726 1299 genus
749 1259 802 1288 est
823 1265 889 1287 non
913 1264 978 1287 uno
1001 1263 1111 1298 panno
1134 1252 1297 1295 continui,
1322 1258 1360 1288 ut
1381 1265 1445 1288 nec
1468 1265 1534 1288 uno
1556 1255 1670 1289 colore
1685 1267 1768 1291 con-

312 1302 439 1347 spimi,
463 1302 558 1336 cuius
579 1300 726 1335 exterior
749 1299 878 1346 species
901 1298 1026 1343 rubra,
1049 1298 1222 1332 taeniatim
1248 1303 1284 1332 et
1308 1310 1369 1344 per
1390 1299 1466 1333 lora
1489 1300 1616 1342 divisa,
1651 1300 1767 1335 candi-

312 1347 387 1382 dam
412 1348 602 1381 interiorem
625 1345 825 1380 subductam
848 1355 924 1379 sese
946 1348 1088 1378 venuste
1113 1344 1267 1388 proferre
1291 1348 1326 1378 et
1350 1345 1443 1379 velut
1464 1345 1649 1380 latitantem
1682 1346 1766 1380 edu-

312 1404 391 1426 cere
414 1392 598 1438 permittit3
623 1403 688 1435 qua
711 1390 752 1424 de
777 1401 879 1423 causa
905 1400 981 1423 cum
1003 1386 1178 1433 ἐσχάρας,
1209 1390 1399 1424 craticulae
1434 1390 1582 1434 piscibus
1615 1392 1767 1427 ustulan—

309 1438 361 1472 dis
391 1439 558 1479 idoneae,
590 1438 729 1471 formam
762 1435 933 1478 imitetur,
967 1435 1023 1469 vel
1047 1434 1191 1468 colorem
1219 1434 1339 1469 subtus
1364 1434 1563 1470 residentem
1586 1436 1767 1480 σκαρίζειν

310 1485 455 1519 ebullire
478 1487 589 1528 cogat,
610 1480 835 1523 σκαρανίκου
859 1491 980 1514 nomen
1002 1479 1114 1525 potuit
1136 1480 1332 1524 promereri.
1378 1480 1463 1515 baec
1483 1481 1562 1526 ille,
1585 1481 1644 1526 qui
1666 1483 1766 1518 etiam

305 1529 415 1573 ignoti
438 1527 636 1574 exemplaris
658 1527 802 1560 Nicetae
825 1526 932 1560 locum
955 1525 1145 1569 subiungit:
1177 1521 1272 1569 εἶχεν
1305 1522 1451 1570 ἱμάτιον
1481 1525 1624 1571 σχιστὸν
1661 1526 1766 1573 μέχρι

304 1575 380 1609 τῶν
402 1574 583 1620 γονάτων.
630 1573 695 1606 huc
718 1583 783 1617 ego
806 1573 918 1606 refero
942 1567 1074 1611 στολὰς
1094 1568 1313 1614 σωληνωτοίς
1333 1571 1591 1607 canaliculatas
1611 1578 1719 1608 vestas
1742 1585 1766 1608 a

307 1621 462 1655 cedreno
497 1620 532 1653 in
566 1618 708 1653 Tiberio
746 1621 964 1656 memoratas,
997 1616 1040 1650 de
1072 1615 1193 1660 quibus
1216 1616 1319 1650 editio
1341 1616 1452 1660 Regia
1473 1629 1539 1652 non
1561 1619 1704 1653 obscure
1729 1619 1765 1654 in

305 1666 556 1710 posterioribus
579 1664 692 1705 notis;
717 1664 902 1708 eodemque
920 1661 987 1696 loci
1009 1673 1172 1695 revocare
1195 1661 1327 1695 confido
1351 1661 1533 1697 Andronici
1553 1659 1766 1709 ἀμπεχόνην

307 1711 346 1752 ἐς
379 1708 533 1756 γλουτὸν
564 1706 770 1754 ἄμφισχιδῆ
799 1707 1120 1752 καταβαίνουσαν,
1152 1706 1194 1739 de
1224 1718 1291 1751 qua
1320 1707 1462 1742 Nicetas
1488 1708 1524 1742 in
1545 1710 1662 1743 eodem
1685 1710 1708 1744 l.
1729 1713 1763 1744 2.

309 1769 353 1791 an
377 1757 506 1791 demum
528 1752 751 1799 σκαροὶνικον
773 1754 860 1788 idem
884 1754 929 1788 sit
952 1752 1040 1798 quod
1063 1749 1366 1797 σκαραμοὶγγιον“ἐ
1410 1753 1559 1788 affirmat
1580 1755 1763 1797 Mem-sius,

307 1808 414 1847 negat
436 1803 632 1836 Gretserus.
679 1805 856 1843 utrumque
879 1799 1078 1844 amplector:
1104 1802 1245 1831 mentem
1262 1797 1346 1831 enim
1361 1797 1448 1832 illius
1464 1804 1577 1843 teneo,
1597 1800 1761 1834 rationem

309 1856 420 1882 tamen
446 1858 518 1881 cum
540 1847 706 1880 Gretsero
732 1845 887 1879 exsibilo.
934 1844 1010 1888 quis
1033 1843 1119 1876 enim
1143 1854 1216 1876 cum
1240 1843 1389 1876 Meursio
1413 1845 1615 1889 exemplaria
1637 1846 1763 1890 ubique

308 1894 426 1927 credat
447 1893 497 1926 ita
519 1898 682 1936 corrupta
705 1895 744 1924 ut
765 1889 1039 1933 σκαραμαγγίου
1064 1889 1138 1921 vice
1161 1888 1342 1932 repositum
1376 1889 1480 1922 fuerit
1508 1887 1762 1932 cuaooivutov?

305 1941 420 1983 placet
449 1937 658 1972 nihilominus
695 1936 782 1969 illius
814 1935 848 1969 in
883 1935 980 1968 huius
1017 1933 1245 1976 degenerasse
1275 1933 1516 1978 prolationem,
1555 1939 1591 1968 et
1626 1946 1761 1978 custoa-

303 1981 461 2028 μοὶγγιον
487 1982 622 2016 Bardae
643 1981 783 2014 Caesari
808 1992 829 2014 a
851 1980 965 2013 Leone
989 1978 1216 2012 Grammatico
1239 1978 1420 2023 ascriptum
1444 1990 1465 2013 a
1488 1979 1617 2014 Codino
1647 1980 1761 2027 capite

304 2028 473 2073 superiori
494 2025 718 2069 σκαροὶνικον
741 2024 895 2059 Caesaris
921 2024 1026 2056 fuisse
1047 2028 1218 2056 vocatum.
1266 2023 1344 2056 vide
1363 2028 1475 2057 notam
1490 2023 1526 2059 in
1540 2029 1642 2071 caput
1660 2026 1759 2072 quin-

301 2079 373 2107 tum
395 2073 454 2110 43.
500 2072 546 2106 de
569 2070 800 2114 scaramangio
825 2068 1049 2102 Leunclavius
1071 2068 1105 2100 in
1131 2068 1368 2101 Onomastico=
1393 2071 1677 2116 scaramangt‘um
1695 2084 1760 2107 vox

301 2119 461 2162 Persica,
494 2128 582 2162 quae
611 2120 735 2150 vestem
767 2115 925 2159 pluviam
955 2113 1155 2157 significat,
1186 2114 1247 2147 11⁰⁶
1269 2118 1320 2148 8⁸⁶
1343 2125 1419 2148 eam
1442 2127 1531 2160 quac
1543 2118 1676 2162 pluvias
1697 2123 1761 2153 aut

300 2165 451 2200 hibernis
474 2162 731 2207 tempestatibus
752 2160 895 2194 caeteris
916 2159 1115 2202 superiniici
1133 2158 1228 2192 solet.

399 2221 447 2256 ib.
470 2232 505 2254 v.
530 2219 585 2254 16.
610 2215 793 2255 εἰκονικῶς
815 2211 881 2249 τὸν
906 2212 1071 2260 βασιλέα]
1096 2214 1255 2258 imagines
1270 2214 1508 2260 imperatorum
1522 2216 1636 2252 rarius
1653 2217 1688 2253 in
1704 2219 1761 2254 fo..

304 2267 353 2302 ris
377 2265 525 2312 positae,
558 2264 593 2297 in
616 2262 755 2296 urbibus
779 2260 962 2302 adoratae,
993 2271 1092 2304 quam
1123 2260 1156 2293 in
1180 2259 1253 2293 acie
1276 2259 1424 2296 delatae.
1469 2263 1669 2298 domesticus
1691 2263 1761 2299 ita-

304 2325 372 2357 que
395 2316 434 2344 ut
456 2309 673 2355 imperialium
698 2306 901 2341 exercituum
932 2305 1121 2339 moderator
1153 2316 1348 2350 supremus,
1384 2312 1420 2341 et
1451 2308 1532 2343 viva
1562 2308 1687 2354 ipsius,
1720 2314 1760 2344 ut

300 2358 442 2392 inferius
464 2359 672 2400 exponetur,
706 2352 741 2386 in
764 2351 886 2386 castris
908 2350 1039 2394 imago,
1071 2356 1110 2384 ut
1131 2352 1308 2396 potestatis
1330 2353 1522 2399 particeps,
1552 2354 1651 2388 animi
1676 2366 1759 2389 con-

300 2404 418 2446 scius,
442 2402 626 2436 facinorum
648 2399 800 2442 collega,
831 2397 977 2440 suscepti
1005 2398 1047 2430 ab
1071 2408 1111 2430 eo
1134 2397 1298 2441 propositi
1321 2398 1533 2434 fidelissimus
1556 2404 1592 2434 et
1612 2401 1760 2435 fortissi-

300 2461 373 2483 mus
406 2451 605 2488 exsecutor,
639 2445 801 2488 sculptam
834 2442 906 2475 eius
935 2441 1111 2485 imaginem
1141 2443 1175 2475 in
1205 2448 1345 2487 pectore
1372 2451 1507 2488 gestat,
1539 2449 1576 2479 ut
1602 2445 1760 2488 προθεὶς

300 2492 370 2538 τὴν
395 2491 542 2537 εἰκόνα,
578 2489 764 2525 Herodiani
787 2488 900 2522 verbis
924 2493 1022 2540 utor,
1054 2484 1333 2542 στεφανοιςμαὶ
1356 2486 1520 2534 δάφναις
1540 2488 1757 2535 κεκοσμημέ·

301 2552 372 2583 νην
398 2535 511 2579 αὐτός
532 2533 562 2572 τ’
588 2532 779 2580 εὐφημήσῃ
803 2532 866 2568 καὶ
889 2543 976 2572 τους
997 2543 1219 2575 στρατιωτας
1243 2531 1376 2580 αξιώσῃ
1402 2535 1574 2579 γνωρίσαι
1602 2535 1665 2570 καὶ
1696 2532 1755 2570 εὐ-

301 2585 481 2628 φημῆσαι.
539 2587 722 2627 eapropter
753 2579 934 2625 praefectis
962 2579 1101 2612 ducibus
1142 2578 1316 2613 comitibus
1355 2585 1532 2614 coronatas
1569 2580 1756 2625 principum

302 2631 464 2673 imagines
487 2629 575 2662 inter
598 2626 795 2672 praecipuas
817 2623 995 2667 insignium
1018 2629 1134 2668 partes
1157 2624 1191 2656 in
1214 2624 1288 2668 pilis
1311 2625 1454 2660 donatas
1474 2626 1509 2660 in
1530 2625 1664 2670 Imperii
1679 2626 1756 2660 No-

301 2677 400 2716 mia,
425 2673 576 2708 vestibus
599 2673 718 2706 affixas
741 2676 820 2704 ante
841 2668 960 2704 lustini
983 2673 1135 2714 tempora
1159 2681 1223 2702 non
1249 2669 1337 2713 lego.
1384 2671 1511 2715 angelis
1534 2671 1589 2704 hic
1611 2672 1756 2716 stipatas

302 2721 424 2762 video,
447 2731 532 2764 quos
555 2714 864 2762 ἄρχιστρατήγους
885 2726 963 2748 reor
987 2715 1029 2748 ob
1054 2726 1257 2748 communem
1281 2717 1490 2750 Graecorum
1510 2715 1652 2750 omnium
1671 2728 1755 2760 erga

303 2778 362 2799 eos
386 2766 522 2799 cultum.
570 2763 768 2797 Michaelem
791 2761 876 2796 enim
900 2761 1024 2794 habent
1048 2759 1080 2793 in
1105 2760 1211 2804 primo
1235 2762 1358 2795 vexillo
1381 2761 1547 2806 depictum
1564 2761 1651 2795 insi-n
1671 2774 1700 2795 c.
1721 2763 1753 2802 6,

302 2812 478 2856 eidemque
502 2809 598 2853 olim,
621 2809 788 2854 scriptore
812 2806 989 2848 esdram,
1022 2806 1169 2840 lustinus
1201 2806 1413 2842 consecravit
1443 2806 1635 2842 ecclesiam:
1669 2807 1753 2841 utri-
