1820 3178
272 172 368 220 126
479 170 755 217 GRETSERI
774 171 847 215 ET
867 171 1045 216 GOARI
1063 171 1507 218 COMMENTARIUS

265 283 290 322 1.
310 280 337 324 4
355 282 462 334 epist.
478 279 533 323 34
547 283 715 322 nominat
732 294 773 320 se
790 282 1011 322 sacellarium
1026 282 1246 323 Romanum.
1261 285 1391 336 putavi
1401 281 1592 332 interdum,
1610 284 1731 336 inquit

266 340 448 378 Batonius
475 337 582 392 (tom.
612 344 638 383 8
669 352 768 377 anno
799 339 941 377 Christi
970 340 1052 381 595
1076 353 1175 379 num.
1207 339 1279 392 17)
1299 343 1340 381 in
1364 344 1464 380 textu
1487 342 1656 392 Gregorii
1665 355 1732 393 pro

266 397 492 435 sacellarium
519 396 594 446 legi
612 397 729 434 debere
751 396 1013 445 saccellarium,
1041 400 1144 448 quasi
1167 410 1192 435 a
1218 398 1378 436 saccellis
1401 402 1575 449 sumptum
1601 411 1733 446 nomen,

266 453 360 506 quod
375 456 465 491 satis
485 455 556 503 ipse
571 453 764 503 Gregorius
782 453 901 501 docet,
919 452 1002 490 dum
1019 453 1166 491 ostendit
1179 454 1404 492 sacellarium
1409 453 1528 505 fuisse
1542 454 1732 493 thesaura·

268 512 360 548 rium
377 512 546 560 pecuniae
556 510 739 560 publicae,
760 512 862 547 cuius
880 511 931 546 rei
955 511 1079 558 gratia
1104 512 1254 562 oportuit
1272 513 1344 562 ipsi
1365 511 1514 549 creditos
1532 523 1604 549 esse
1621 523 1734 562 pecu-

267 569 409 604 niarum
435 565 612 613 sacculos,
639 566 678 603 ob
697 565 801 616 idque
821 565 1044 604 sacellarium
1071 566 1202 605 dictum
1233 579 1315 606 esse.
1371 567 1453 606 huic
1479 580 1575 606 meae
1597 566 1736 605 senten-

270 625 343 660 tiae
357 621 583 671 suffragatur
597 622 686 660 idem
702 622 895 671 Gregorius
907 623 946 660 in
964 623 1111 674 epistola
1131 623 1182 661 ad
1207 622 1427 662 Honoratum
1447 623 1652 672 diaconum,
1674 624 1738 661 ubi

271 692 381 728 agens
396 678 438 715 de
452 679 619 716 solutione
633 683 816 716 consuetae
829 681 997 729 pecuniae
1015 693 1081 730 pro
1105 679 1282 728 dignitate
1304 680 1484 718 consulari
1509 679 1736 730 adipiscenda

273 738 328 772 ait
341 733 479 783 ”magis
493 748 536 772 ex
552 749 587 773 se
601 739 692 785 agat
707 735 846 773 dilectio
865 738 927 773 tua
937 764 946 778 ‚
963 740 1131 786 quatenus
1145 735 1274 774 oblatis
1286 738 1326 774 in
1350 737 1502 775 saccella
1520 735 1739 774 consuetudi-

272 792 375 829 nibus
406 791 548 829 honores
568 795 741 830 mereatur
767 787 955 842 accipere.”
1001 793 1062 830 ubi
1077 805 1141 843 per
1173 792 1323 830 saccella
1355 797 1485 831 certum
1509 796 1560 830 est
1583 792 1741 841 intelligi

271 849 444 900 principis
466 851 711 899 pecuniariam
730 860 870 898 capsam
882 879 894 896 ‚
917 852 949 885 et
963 849 1108 900 proinde
1120 860 1182 899 per
1209 849 1452 887 saccellarium
1469 849 1738 887 thesaurarium.

132 914 161 948 P
189 911 255 948 159
276 907 314 942 in
331 917 433 955 quam
448 907 650 942 sententiam
669 908 703 941 et
720 905 880 942 Isidorus
896 899 1046 955 “fiscus''
1063 906 1179 955 inquit
1202 904 1275 942 “est
1290 919 1413 942 saccus
1428 899 1626 954 publicus?
1671 903 1740 942 sed

275 960 327 999 nil
351 973 445 1010 opus
473 961 548 998 ulla
575 960 800 1006 mutatione3
830 972 916 997 nam
937 963 976 998 et
1006 962 1213 999 sacellarius
1231 965 1291 999 est
1309 961 1536 999 saccellarius
1552 975 1576 1000 a
1599 961 1741 1007 sacello,

275 1017 431 1068 simplici
457 1030 495 1067 c,
519 1017 577 1055 vel
601 1030 624 1054 a
643 1017 793 1062 sacella,
818 1013 928 1067 q'uam
950 1017 1057 1054 nobis
1083 1017 1193 1068 paulo
1213 1022 1301 1056 ante
1325 1018 1512 1068 Corippus
1533 1017 1742 1067 descripsit,

277 1075 364 1125 quia
391 1073 517 1111 Latini
543 1073 706 1111 Graecos
735 1073 867 1110 imitati
899 1073 1097 1124 aliquando
1127 1074 1283 1112 alterum
1313 1088 1331 1112 c
1358 1081 1588 1124 expungunt.
1643 1074 1743 1111 idem

275 1142 366 1180 ergo
388 1134 447 1167 est
463 1131 691 1168 saccellarius
714 1133 753 1167 et
783 1130 1000 1168 sacellarius.
1057 1134 1287 1180 quapropter
1309 1130 1468 1181 probare
1493 1143 1570 1168 non
1590 1142 1744 1182 possum

275 1187 443 1224 eiusdem
466 1187 592 1237 magni
619 1187 688 1225 viri
717 1186 933 1236 discrimen,
967 1188 1069 1237 quod
1094 1187 1228 1224 statuit
1255 1187 1353 1225 hunc
1377 1187 1415 1224 in
1441 1188 1611 1225 modum:
1642 1186 1744 1237 apud

274 1242 455 1293 Latinos,
492 1244 525 1281 si
562 1243 789 1281 saccellarius
818 1243 989 1280 scribitur
1015 1256 1039 1281 a
1071 1243 1254 1294 saccellis,
1293 1244 1542 1281 thesaurarius
1571 1242 1746 1281 ecclesiae

275 1299 514 1349 intelligitur3
544 1299 684 1337 sivero
705 1312 773 1350 per
808 1299 963 1350 simplex
988 1313 1026 1349 c,
1057 1300 1263 1338 sacellarius
1292 1313 1315 1338 a
1337 1300 1493 1350 sacello,
1527 1300 1589 1350 qui
1607 1299 1746 1338 scilicet

276 1355 406 1394 sacello
433 1354 658 1407 (cappellae)
691 1359 861 1406 praeest,
889 1353 1127 1406 significatur.
1183 1369 1290 1393 secus
1311 1369 1352 1393 se
1379 1369 1438 1394 res
1463 1357 1597 1406 habet,
1626 1360 1671 1393 ut
1700 1367 1747 1393 ex
1772 1358 1774 1360 ’

276 1413 385 1450 dictis
404 1412 557 1462 planum
573 1413 803 1462 relinquitur.
832 1412 917 1449 vide
935 1412 1046 1450 etiam
1068 1412 1259 1450 Cuiacium
1279 1413 1475 1450 Observat.
1503 1415 1554 1453 10
1581 1415 1660 1462 27,
1683 1411 1746 1448 ubi

279 1470 328 1506 de
347 1469 544 1506 sacculario
563 1482 586 1506 a
602 1469 746 1506 sacculo
763 1472 802 1505 et
820 1469 1028 1507 saccellario
1051 1481 1074 1507 a
1093 1468 1227 1508 sacello
1258 1468 1377 1509 multa
1402 1468 1549 1520 scribit,
1575 1468 1646 1507 etsi
1674 1468 1746 1506 alio

279 1523 488 1576 significatu
507 1526 639 1565 horum
657 1525 857 1566 nominum.

725 1829 1165 1880 CAPUT
1240 1831 1324 1880 IV.

403 1993 440 2032 p.
457 1978 483 2021 4
497 1993 532 2019 v.
548 1984 585 2023 3.
616 1949 973 2033 chartophylacem
990 1981 1086 2020 male
1103 1986 1239 2020 vocant
1254 1979 1499 2020 Leunclavius
1515 1982 1554 2018 et
1571 1978 1631 2017 alii
1650 1978 1756 2017 char-

280 2037 483 2081 tularium:
513 2050 599 2076 nam
620 2039 862 2077 chartularius
883 2038 1032 2076 alterins
1053 2039 1161 2075 officii
1177 2042 1215 2076 et
1230 2039 1411 2076 inferioris
1429 2049 1565 2075 nomen
1582 2040 1653 2084 est,
1668 2048 1757 2073 con-

288 2095 503 2142 tineturque
517 2094 556 2130 in
570 2107 670 2132 nona
684 2096 848 2145 pentade
864 2095 1067 2132 officiorum
1081 2094 1428 2133 ecclesiasticorum:
1451 2098 1490 2131 at
1501 2092 1758 2143 chartophylax

287 2151 492 2202 principem
506 2150 626 2189 locum
639 2155 756 2200 tenet,
776 2151 915 2201 quippe
931 2155 1085 2200 quartus
1107 2151 1204 2188 inter
1227 2150 1513 2190 exocatacoelos.
1540 2149 1668 2186 Iunius
1681 2147 1758 2186 La-

289 2208 367 2244 tine
379 2207 599 2259 praefectum
617 2208 752 2245 chartis
770 2208 949 2258 nominat,
969 2208 1091 2245 nescio
1115 2220 1228 2257 quam
1248 2209 1391 2246 idonee.
1429 2219 1501 2257 ego
1523 2205 1679 2243 libenter
1692 2217 1759 2242 vo-

288 2277 369 2302 cem
397 2263 541 2301 retineo
577 2263 767 2301 Graecam.
825 2265 923 2301 unde
955 2269 1200 2314 componatur
1226 2269 1266 2302 et
1295 2265 1501 2313 derivetur,
1528 2262 1646 2311 liquet
1673 2260 1760 2298 abs·

289 2332 365 2370 que
391 2331 475 2357 meo
494 2319 697 2358 admonitu.
756 2319 839 2371 plus
858 2324 983 2358 tamen
1003 2321 1188 2370 significat
1210 2333 1322 2370 quam
1340 2322 1424 2372 ipsa
1438 2318 1617 2357 vocabula
1635 2318 1760 2354 fronte

289 2377 412 2428 prima
443 2387 533 2427 prae
565 2389 607 2414 se
634 2378 767 2415 serant.
824 2378 997 2426 quocirca
1024 2377 1223 2415 Balsamon
1251 2378 1291 2415 in
1318 2390 1387 2415 sua
1413 2374 1682 2426 disceptatione
1711 2373 1760 2410 de

291 2431 579 2484 chartophylace
610 2432 751 2470 refutat
777 2431 858 2470 illos
896 2434 960 2482 qui
981 2433 1112 2471 volunt
1140 2434 1463 2485 chartophylacem
1484 2429 1761 2483 παρωνυμίζε-
1816 2451 1820 2489 Ι-

295 2495 396 2530 σθαι
423 2489 466 2529 ἐκ
487 2491 560 2529 τοῦ
583 2486 795 2538 φυλάττειν
826 2485 1056 2542 μεμβράνας
1078 2490 1145 2529 καὶ
1165 2492 1353 2539 κωδίκια,
1384 2488 1552 2539 quamvis
1572 2486 1604 2524 si
1624 2497 1761 2523 nomen
1817 2510 1820 2540 i

293 2546 460 2598 praecise
482 2546 715 2584 considerare
737 2545 910 2596 velimus,
950 2545 1041 2583 haec
1075 2548 1219 2584 notatio
1245 2559 1269 2584 a
1300 2547 1456 2585 veritate
1484 2556 1561 2581 non
1587 2542 1758 2579 recedat:
1818 2556 1820 2560 ·

294 2603 366 2641 sed
395 2602 435 2639 in
470 2602 707 2654 impositione
736 2603 925 2640 nominum
953 2607 1107 2641 monent
1133 2604 1322 2653 sapientes
1350 2614 1427 2641 non
1457 2604 1534 2638 tam
1561 2598 1762 2635 videndum
1813 2603 1820 2651 j

298 2670 382 2696 esse
405 2672 428 2695 a
451 2671 518 2709 quo
536 2671 650 2707 quam
666 2659 715 2697 ad
734 2659 818 2710 quid
843 2670 978 2696 nomen
1009 2660 1232 2709 imponatur.
1290 2671 1335 2697 ea
1355 2660 1403 2696 de
1421 2668 1533 2695 causa
1548 2654 1634 2693 licet
1652 2666 1675 2691 a
1697 2665 1761 2691 cu-

300 2714 427 2753 stodia
449 2715 594 2753 chartae
613 2727 748 2754 nomen
767 2715 939 2764 traxerit,
960 2714 1071 2765 longe
1092 2720 1217 2753 tamen
1246 2715 1354 2766 plura
1378 2715 1427 2752 ad
1457 2712 1534 2750 eius
1567 2722 1691 2748 curam
1722 2711 1762 2746 et
1818 2716 1820 2718 ·

301 2770 661 2812 administrationem
686 2772 941 2823 pertinebant:
983 2771 1063 2822 ipse
1090 2773 1187 2809 enim
1220 2784 1290 2809 sua
1317 2771 1355 2808 in
1384 2771 1574 2821 potestate
1601 2764 1762 2804 habebat
1811 2774 1820 2814 ἐς

302 2826 604 2880 ἕκκλησιαστικοὶ
628 2831 783 2884 χαρτῷα
808 2824 1055 2879 δικαιώματα
1064 2857 1074 2876 ,
1105 2829 1228 2866 literas
1259 2830 1300 2867 in
1324 2828 1449 2878 quibus
1475 2828 1559 2864 iura
1589 2827 1623 2862 et
1651 2822 1762 2874 privi·
1811 2882 1814 2883 γ
