1832 3178
257 188 324 238 24
671 194 866 238 CODINI
900 193 1297 238 CUROPALATAE

256 308 331 347 τοῦ
361 303 575 363 ἀριστεροῦ
603 305 751 363 μέρους
783 310 855 361 τῆς
884 305 1010 363 ζώνης
1036 304 1162 352 αὑτοῦ
1185 305 1476 366 σειρομάστην,
1511 306 1557 351 ὃν
1574 312 1715 360 κοινῶς

259 377 428 417 καλοῦσι
451 373 637 429 σαλίβαν.

395 442 463 485 Τὰ
491 447 563 486 τοῦ
591 443 809 500 πραίτορος
836 445 911 484 τοῦ
939 439 1071 498 δήμου
1101 440 1234 486 πάντα
1261 443 1472 500 φορέματα
1491 442 1612 499 ὅμοια
1631 451 1713 495 τοῖς

204 516 233 551 Β
257 514 330 554 τοῦ
347 508 525 566 μεγάλου
544 511 768 563 τζαουσιόυ.
835 510 882 554 τὸ
903 512 1118 554 δικανίκιον
1138 511 1262 555 αὐτοῦ
1283 511 1402 563 ξύλον
1421 516 1538 555 λεῖον.

394 579 461 621 Τὰ
481 583 554 622 τοῦ
572 579 791 635 λογοθέτου
816 583 896 622 τῶν
916 582 1124 623 οῗκειακῶν
1142 582 1343 638 φακεωλὶς
1362 582 1430 623 καὶ
1449 578 1746 637 ἓπιλούρικον,5

255 646 303 689 οὗ
325 647 408 702 μὴν
429 647 474 689 δὲ
494 645 750 705 σκαράνικον.

393 714 459 757 Τὰ
487 720 560 759 τοῦ
588 714 766 773 μεγάλου
800 719 1067 774 λογαριαστοῦ
1100 713 1169 759 οἷα
1201 715 1253 760 τὰ
1282 720 1353 760 τοῦ
1383 716 1603 774 λογοθέτου
1635 719 1716 760 τῶν

257 784 478 826 οἶκειακῶν.

394 851 456 894 Τὸ
476 855 550 895 τοῦ
567 855 877 910 πρωτοκυνηγοῦ
899 848 1103 903 σκιάδιον,
1137 850 1182 894 τὸ
1207 850 1436 907 καββάδιον
1454 854 1522 895 καὶ
1545 852 1591 896 τὸ
1615 870 1717 896 σκα-

256 917 440 978 ράνικον,
476 919 531 971 ὥς
559 921 612 965 τὰ
641 925 714 964 τοῦ
744 921 961 977 πραίτορος
989 923 1062 963 τοῦ
1086 917 1234 974 δήμου.
1302 922 1439 965 καὶτὰ
1459 927 1531 966 τοῦ
1551 939 1717 965 σκουτεο
1729 929 1773 966 10

258 990 346 1046 ρίου
365 993 548 1032 τοιαῦτα.
613 989 666 1032 τὰ
682 993 756 1033 τοῦ
775 988 1000 1045 ἀμηραλῖου
1017 985 1224 1039 ὡσαύτως.

396 1058 462 1100 Τὰ
482 1061 554 1100 τοῦ
572 1056 636 1100 ἐπὶ
654 1062 734 1101 τῶν
753 1055 928 1112 δεήσεων
951 1057 1151 1115 φακεωλὶς
1168 1058 1236 1100 καὶ
1255 1058 1518 1116 ἔπιλουρῖκιον
1526 1089 1540 1110 ,
1570 1057 1618 1100 οὗ
1635 1056 1718 1112 μὴν

258 1125 302 1168 δὲ
325 1124 581 1182 σκαράνικον.

397 1193 458 1236 Τὸ
487 1197 558 1237 τοῦ
585 1195 838 1249 κοιαίστορος
863 1190 1068 1244 σκιάδιον,
1101 1191 1147 1234 τὸ
1165 1191 1391 1249 καββάὸιον
1410 1195 1477 1236 καὶ
1497 1192 1544 1237 τὸ
1561 1190 1719 1250 σκαρά-

258 1279 387 1314 νικον,
419 1260 541 1316 ὅμοια
558 1270 642 1313 τοῖς
657 1266 730 1305 τοῦ
749 1261 925 1317 μεγάλου
945 1262 1177 1314 τζαουσιόυ.
1730 1268 1773 1304 15

208 1334 239 1370 C
399 1331 485 1372 Καὶ
513 1331 564 1372 τὰ
590 1336 662 1374 τοῦ
688 1329 864 1386 μεγάλου
886 1330 1185 1383 ἆὸνουμιαστοῦ
1202 1326 1268 1372 οἷα
1287 1329 1339 1372 τὰ
1358 1333 1431 1372 τοῦ
1447 1329 1719 1386 κοιαῖστορος·

259 1398 305 1441 τὸ
336 1399 379 1440 δὲ
411 1399 628 1442 δικανίκιον
650 1400 775 1442 αὐτοῦ
797 1399 996 1455 ἀργυροῦν
1021 1395 1275 1455 ἄχρῦσωτον,
1304 1396 1396 1451 ἕχον
1414 1395 1548 1440 ἐπάνω
1567 1394 1723 1452 κόμπον

260 1467 331 1509 ἵνα
350 1468 417 1510 καὶ
436 1466 560 1521 μόνον
568 1498 581 1518 ,
616 1467 757 1522 ἔχοντα
779 1465 1077 1521 ἐπικαθημένην
1099 1464 1350 1524 περιστεράν.

399 1535 467 1577 Τὰ
498 1539 571 1578 τοῦ
604 1536 823 1591 λογόθέτου
855 1539 928 1577 τοῦ
961 1540 1249 1587 στρατιωτικοῦ
1282 1534 1495 1593 φορέματα
1524 1533 1725 1591 (panacem

260 1603 327 1644 καὶ
349 1601 600 1661 ἕπιλούρικον
610 1635 624 1656 ,
661 1605 708 1646 οὗ
729 1603 810 1658 μὴν
830 1604 896 1644 καὶ
918 1601 1175 1658 σκαράνικον.
1729 1610 1778 1646 20

396 1671 456 1714 Τὸ
492 1676 564 1715 τοῦ
598 1672 965 1729 πρωτοϊερακαρίου
1004 1668 1207 1721 σκιάδιον,
1245 1668 1292 1713 τὸ
1324 1665 1551 1723 καββάδιον
1579 1668 1646 1709 καὶ
1674 1666 1721 1710 τὸ

260 1736 528 1795 σκαράνικον,
575 1739 697 1795 ὅμοια
731 1747 815 1790 τοῖς
842 1744 914 1782 τοῦ
942 1738 1121 1794 μεγάλου
1149 1738 1462 1792 άὸνουμιαστοῦ.
1531 1737 1644 1794 φέρει
1678 1735 1723 1778 δὲ

350 1847 373 1882 9
395 1841 580 1891 καββοὶδιν
598 1846 628 1881 Α

260 1935 381 1970 auiiciz
415 1940 532 1981 gestat
553 1935 632 1982 ipse
654 1947 677 1970 a
698 1934 842 1970 sinistra
863 1939 966 1981 parte
989 1946 1100 1970 zonae
1122 1933 1349 1977 siromasten,
1385 1944 1486 1979 quem
1508 1933 1615 1979 vulgo
1638 1933 1723 1969 sali-

260 1984 338 2016 bam
361 1987 501 2019 vocant.

352 2027 478 2061 Omnia
522 2025 715 2072 gestamina
755 2026 928 2071 praetoris
963 2024 1085 2071 populi
1118 2023 1331 2059 conveniunt
1363 2035 1440 2059 cum
1473 2025 1725 2070 gestaminibus

260 2073 376 2119 magni
398 2071 538 2107 tzausii.
585 2072 727 2107 baculus
751 2072 827 2106 eius
851 2078 905 2106 est
930 2072 1058 2117 lignum
1080 2070 1195 2106 laeve.

332 2118 571 2163 „Lugothetae
602 2129 716 2152 rerum
749 2119 1011 2153 domesticarum
1036 2120 1235 2160 competunt
1260 2114 1476 2161 phaceolium
1510 2121 1548 2150 et
1579 2116 1723 2162 epilori-

261 2175 358 2209 cum,
382 2171 420 2199 at
442 2175 511 2198 non
534 2163 761 2200 scaranicum.

353 2210 475 2254 Magni
499 2209 708 2254 logariastae
731 2208 846 2255 qualia
868 2208 1067 2253 logothetae
1090 2218 1204 2241 rerum
1227 2206 1508 2243 domesticarum.

351 2255 515 2290 Primarii
551 2255 730 2290 venatoris
765 2255 874 2300 pileus
907 2254 1110 2289 cabbadium
1145 2260 1182 2287 et,
1213 2253 1426 2287 scaranicum
1463 2253 1592 2287 habent
1625 2265 1665 2287 so
1687 2257 1727 2289 ut

262 2301 437 2348 praetoris
457 2300 591 2346 populi.
637 2300 798 2336 similiter
820 2306 856 2335 et
876 2300 1019 2335 scuterii
1043 2310 1106 2334 seu
1126 2298 1300 2334 scutiferi.
1348 2310 1413 2333 nec
1433 2298 1643 2335 dissentiunt
1661 2312 1725 2345 ge-

262 2347 409 2383 stamina
430 2346 591 2381 amiralii.

353 2393 538 2427 Praefecto
565 2391 755 2437 supplicum
789 2390 954 2437 precibus
989 2393 1190 2435 competunt
1212 2389 1428 2435 phaceolium
1450 2394 1487 2424 et
1511 2389 1727 2436 epiloricum,

263 2443 302 2474 at
321 2450 389 2473 non
408 2438 636 2473 scaranicum.
1006 2439 1020 2451 “

355 2484 563 2527 Quaestoris
605 2483 717 2529 pileus
757 2482 963 2517 cabbadium
1002 2485 1037 2516 et
1074 2479 1290 2516 scaranioum
1328 2481 1456 2515 similia
1492 2484 1575 2515 sunt
1610 2481 1726 2525 magni

263 2530 403 2565 tzausii.

354 2574 477 2620 Magni
509 2573 748 2609 adnumiastae
777 2573 894 2618 qualia
925 2572 1134 2617 quaestoris.
1181 2571 1325 2606 baculus
1351 2571 1427 2606 eius
1451 2575 1636 2616 argenteus
1660 2577 1726 2616 est,

264 2621 342 2655 auri
373 2632 520 2666 expers,
563 2621 694 2655 habens
725 2631 875 2667 superne
906 2629 1010 2653 unum
1043 2618 1169 2653 nodum
1198 2623 1234 2652 et
1264 2618 1396 2661 solum,
1433 2616 1490 2652 cui
1514 2617 1644 2651 insidet
1665 2629 1725 2651 co-

265 2667 392 2701 lumba.

355 2711 577 2766 Logotljetae
607 2711 782 2746 exercitus
810 2709 1002 2756 gestamina
1034 2714 1115 2744 sunt
1139 2708 1353 2755 phaceoiium
1377 2712 1414 2742 et
1435 2706 1656 2753 epiloricum,
1690 2712 1727 2742 at

264 2770 334 2793 non
353 2768 580 2792 scat-anteum.

354 2802 463 2837 Primi
486 2801 699 2847 accipitrarii
723 2801 834 2847 pileus
857 2799 1058 2836 cabbadium
1077 2803 1112 2833 et
1130 2799 1344 2834 scaranicum
1364 2797 1491 2833 similia
1510 2800 1592 2831 sunt
1609 2797 1725 2841 magni

265 2849 513 2885 adnumiastae.
562 2850 631 2884 fert
661 2849 697 2883 in
731 2859 821 2884 zona
841 2848 885 2883 ad
907 2846 1082 2882 sinistram
1114 2845 1368 2889 chirothecam,
1403 2855 1492 2890 quae
1515 2843 1609 2878 circa
1630 2854 1722 2878 sum·
