1864 3164
285 201 389 249 368
494 197 768 246 GRETSERI
789 198 862 242 ET
887 193 1061 241 GOARI
1080 191 1520 238 COMMENTARIUS

284 311 506 367 topedarclza.
536 310 771 350 Andronicus
795 306 1030 356 Palaeologus
1052 305 1232 358 Apocauci
1253 306 1356 355 gener
1365 305 1474 342 ‘etiam
1493 304 1566 355 ipse
1582 291 1731 351 mugnus

281 369 569 422 stratopedarcha
600 367 833 416 designatur,
868 363 1029 403 Gabalas
1059 361 1314 413 protosebastus
1326 389 1358 410 2.
1377 362 1410 407 et
1424 361 1493 410 *ita
1512 357 1584 401 ‚alii
1610 359 1732 404 omnes,

282 440 396 467 eorum
415 425 603 477 suffragiis
630 424 672 461 de
693 421 819 473 quibus
840 433 947 472 supra
972 419 1138 459 diximus,
1162 414 1373 469 patriarcba
1388 417 1475 467 quia
1489 413 1639 468 gradum
1650 407 1733 463 per-

282 489 418 526 mutare
446 496 512 521 non
540 483 696 532 poterat,
727 479 850 517 habitu
879 490 915 515 se
933 476 1169 524 augustiorem
1181 473 1295 525 fecit,
1318 477 1355 511 et
1369 473 1414 510 ins
1425 470 1735 522 subscriptionibus

283 540 395 579 colore
420 538 579 577 caeruleo
606 540 657 575 cst
688 547 798 581 usus‚·
820 535 1089 586 flammeumque
1109 544 1169 569 seu
1187 534 1321 584 tegmen
1337 527 1483 586 capitis,
1513 518 1736 582 quoi-antea

281 596 531 649 patriarchas,
576 595 609 631 si
641 591 683 630 de
714 589 890 629 monacbis
915 602 984 627 non
1007 586 1141 637 essenis
1165 583 1283 633 album
1302 584 1404 641 Ῑφιτε
1426 585 1601 639 mos'jerat
1614 612 1627 634 ‚
1655 577 1735 633 {ipse

283 666 371 691 auro
400 651 621 698 illustravit,
652 649 839 687 servatoris
866 646 979 684 nostri
1010 647 1044 682 et
1071 642 1231 683 illibatae
1263 644 1337 681 eius
1364 633 1548 695 ¹{genitricis
1574 633 1737 689 deiparae

286 723 330 748 ac
348 708 497 747 Ioannis
520 707 694 757 baptistae
712 705 859 755 depictis
876 704 915 740 in
929 714 967 740 eo
983 701 1147 739 iconibus.
1176 698 1457 747 cantamenin
1475 695 1602 746 336..
1617 692 1670 731 ita
1686 692 1735 743 ad

288 765 530 804 ambitionem
549 762 750 813 tegendam
767 761 986 811 argumenta
1003 757 1152 810 pietatis
1170 756 1348 807 imagines
1366 751 1504 801 assumi
1519 743 1737 802 debuerantss

401 840 642 880 Ambitiosior
660 839 783 878 adhuc
803 836 999 888 Bulgariae
1019 834 1349 888 archiepiscopus,
1366 831 1431 882 qui
1449 834 1548 873 teste
1571 820 1735 878 Georgia

290 899 508 950 Logotheta
525 898 565 935 in
579 897 764 936 Chronico
783 892 826 936 τὸ
842 891 1047 948 βασιλικὸν
1064 892 1294 944 περιτίθησι
1314 885 1532 942 σχῆμα»ιιαὶ
1553 880 1739 937 διάδημα,

295 955 350 1004 ὥς
377 955 549 1006 ἔφασκεν
579 949 800 1005 αὐτόνομος
825 949 882 991 ὦν
901 950 969 990 καὶ
998 949 1138 1003 μηδενὶ
1167 943 1346 994 εὐθύνας
1375 940 1550 996 ὀφείλων
1574 939 1738 992 διδόναι,

295 1011 364 1053 καὶ
393 1008 459 1052 &tol
491 1012 608 1051 τοῦτο
637 1009 738 1060 ἔχειν
762 1007 944 1058 ἐξουσίαν
963 1003 1127 1059 βασιλέα
1149 1002 1316 1054 στέφειν.
1349 1001 1434 1040 vide
1457 997 1640 1042 novellam
1659 997 1737 1040 181

294 1067 490 1108 Iustiniani
506 1066 748 1119 imperatoris.
948 1104 950 1107 .

406 1135 504 1173 Cum
533 1133 692 1172 Ioannes
720 1132 1003 1170 Cantacuzenus
1029 1125 1280 1176 Didymotichi
1301 1124 1503 1176 imperator
1522 1120 1743 1168 iffitimetur,

299 1192 457 1244 ipsemet
475 1191 593 1243 primo
606 1194 729 1229 vestem
746 1187 1003 1239 imperatoriam
1020 1184 1160 1232 induit,
1194 1181 1315 1221 deinde
1335 1181 1378 1226 in*
1398 1179 1579 1232 corispectu
1596 1177 1743 1215 onmium

293 1249 398 1300 pedes
422 1247 569 1299 crepidis
588 1247 772 1299 purpureis
790 1246 949 1288 exornat;
969 1253 1114 1294 quarum
1141 1239 1319 1277 dexteram
1335 1239 1370 1276 ci
1387 1239 1558 1287 sanguine
1573 1228 1742 1285 proximi,

297 1308 477 1344 sinistram
500 1316 545 1342 esc
570 1303 794 1341 conducticiis
821 1299 967 1338 Latinis
996 1297 1175 1336 nobilitate
1212 1298 1245 1333 et
1270 1293 1447 1345 splendore
1473 1291 1610 1343 generis
1635 1289 1746 1340 primi

297 1362 480 1400 inducunt.
517 1359 726 1411 imperialem
751 1360 866 1396 autem
889 1358 1021 1394 tiaram
1045 1356 1126 1391 ante
1149 1350 1392 1390 immaculatae
1416 1349 1567 1398 virginis
1588 1345 1647 1385 du·
1671 1358 1747 1382 ma-

295 1420 364 1456 tris
391 1418 578 1466 imaginem
606 1417 703 1454 humi
728 1415 879 1465 positam
907 1423 1014 1450 manu
1035 1422 1101 1448 sua
1130 1408 1249 1447 tollens
1271 1408 1346 1456 ipse
1369 1407 1480 1456 capiti
1503 1417 1566 1442 suo
1590 1401 1745 1452 imponit.

298 1475 502 1526 Cantacuz.
530 1473 556 1512 3
573 1474 637 1513 27.
673 1471 737 1508 ubi
765 1469 922 1508 observa
945 1478 1085 1504 morem
1102 1463 1265 1517 ponendi
1282 1462 1598 1508 humicoronam,
1629 1461 1671 1494 ut
1689 1456 1746 1493 in-

296 1531 463 1568 sinuetur
485 1527 692 1578 humilitas,
719 1530 759 1565 et
786 1528 874 1564 ante
899 1523 1095 1574 imaginem
1119 1521 1155 1561 b.
1176 1518 1351 1571 virginis,
1380 1521 1425 1556 ut
1445 1513 1664 1558 ostendatur
1679 1513 1747 1550 im-

297 1586 479 1640 peratoris
498 1586 536 1622 in
554 1588 705 1622 sanctos
727 1584 856 1635 pietas.

409 1651 550 1690 Iterum
580 1654 778 1689 coronatus
808 1652 868 1687 est
899 1647 997 1686 idem
1018 1646 1301 1684 Cautacuzenus
1333 1637 1598 1691 Adrianopoli,
1634 1638 1748 1688 prout

299 1710 457 1762 ipsemet
480 1708 536 1746 his
555 1707 676 1745 verbis
696 1707 848 1758 exponit
867 1705 894 1745 3
914 1705 987 1745 92:
1019 1705 1092 1740 iam
1117 1715 1197 1739 vero
1212 1700 1353 1751 placuit
1371 1700 1477 1736 etiam
1504 1696 1750 1746 imperatorum

300 1779 392 1804 more
422 1765 601 1814 coronari,
633 1762 908 1815 quandoquidem
933 1764 966 1798 et
987 1758 1196 1810 patriarcha
1217 1754 1528 1805 Hierosolymorum
1545 1755 1579 1790 et
1601 1748 1753 1800 episcopi

302 1821 491 1873 complures
523 1833 639 1859 coram
658 1820 824 1858 adessent.
881 1829 1023 1868 cumque
1044 1814 1243 1853 mandasset
1263 1811 1461 1862 artificibus
1480 1812 1522 1846 ut
1541 1817 1698 1845 coronam
1718 1807 1752 1841 et

303 1879 388 1916 aliis
406 1882 448 1916 ut
473 1876 551 1916 alia
577 1877 625 1914 ad
646 1890 722 1914 eam
748 1875 978 1914 celebritatem
999 1872 1308 1920 caeremoniamque
1327 1864 1585 1906 accommodata
1605 1861 1753 1912 confice-

304 1938 393 1982 rent,
409 1935 551 1985 paratis
571 1933 724 1971 omnibus
742 1946 766 1971 a
783 1931 928 1970 Lazaro
938 1927 1146 1980 patriarcha
1160 1924 1490 1975 Hierosolymitano,
1511 1931 1623 1959 mense
1632 1915 1752 1964 Maio,

307 1990 447 2041 quando
470 1989 692 2028 Constantini
708 1990 833 2039 magni
849 1991 882 2024 et
903 1985 1059 2024 Helenae
1077 1978 1200 2020 matris
1221 1983 1316 2028 eius,
1355 1977 1520 2030 apostolis
1547 1985 1753 2029 comparan-

308 2047 442 2095 dorum,
469 2047 631 2083 memoria
650 2044 788 2092 colitur,
806 2055 931 2081 corona
949 2041 1119 2079 induitur.
1166 2039 1305 2076 coronat
1320 2038 1434 2073 autem
1453 2036 1487 2071 et
1501 2033 1593 2083 ipse,
1615 2031 1657 2067 ut
1683 2040 1754 2068 mos

309 2103 469 2150 tenebat,
501 2099 624 2138 Irenen
644 2103 821 2149 coniugem
837 2109 958 2141 suam‚·
987 2097 1165 2144 omniaque
1181 2093 1292 2130 solitis
1305 2090 1454 2137 ritibus,
1481 2100 1584 2139 quam
1605 2086 1756 2124 maxime

301 2159 389 2210 fieri
400 2158 534 2209 potuit,
558 2160 705 2206 peracta
715 2159 807 2193 sunt.
843 2166 924 2191 nam
942 2155 975 2189 et
993 2154 1161 2200 argentea
1180 2152 1284 2200 atque
1297 2159 1404 2185 aurea
1421 2145 1632 2183 numismata
1649 2153 1754 2192 spar-

310 2214 503 2264 gebantur,
535 2213 696 2250 convivia
721 2210 984 2262 poculorumque
1003 2207 1226 2244 invitationes
1246 2204 1295 2241 ad
1319 2203 1393 2241 dies
1413 2201 1582 2253 plurimos
1591 2197 1757 2251 frequen-

309 2271 491 2309 tabantur.
547 2268 659 2306 tertio
688 2269 835 2305 demum
854 2267 1050 2303 coronatus
1069 2266 1127 2301 est
1142 2260 1258 2314 'Cpoli
1278 2261 1318 2298 in
1341 2256 1554 2299 Blachernis
1582 2253 1755 2306 deiparae

308 2326 462 2378 virginis
490 2324 629 2376 templo
642 2351 655 2375 ,
683 2327 795 2375 prout
819 2323 899 2374 ipse
925 2322 1006 2359 fuse
1027 2319 1179 2371 exponit
1198 2316 1224 2359 4
1242 2316 1281 2358 4.

418 2390 482 2430 Ad
519 2392 630 2430 finem
658 2390 766 2428 huius
795 2389 925 2439 capitis
957 2389 1004 2425 de
1033 2385 1272 2424 coronatione
1297 2378 1529 2435 imperatoris
1557 2375 1682 2426 accipe
1712 2385 1757 2410 ex

307 2448 421 2487 Petro
440 2448 624 2487 Damiano
643 2446 667 2486 l.
691 2450 710 2488 1
729 2459 787 2497 ep.
807 2447 856 2486 17
879 2445 978 2482 hunc
997 2455 1136 2481 morem
1154 2442 1192 2479 in
1211 2439 1448 2480 coronatione
1467 2431 1653 2473 observari
1671 2441 1758 2467 con-

308 2509 479 2555 suetum,
517 2517 628 2554 quem
654 2517 678 2541 a
705 2503 852 2541 Codino
875 2501 1048 2539 omissum
1066 2499 1239 2547 mirarer,
1268 2496 1338 2534 nisi
1353 2494 1482 2532 scirem
1500 2490 1534 2528 ei
1551 2501 1628 2526 non
1645 2486 1759 2524 fuisse

310 2562 544 2613 propositum
589 2560 710 2598 omnia
749 2561 787 2597 in
820 2559 944 2596 literas
980 2556 1127 2595 referre.
1182 2555 1237 2592 ita
1271 2565 1361 2602 ergo
1403 2547 1627 2588 Damianus:
1661 2540 1760 2592 apud

170 2632 200 2668 Ρ
225 2630 292 2668 258
316 2621 467 2657 Graecos
494 2618 580 2655 haec
604 2619 714 2655 teneri
735 2614 940 2654 consuetudo
954 2613 1173 2664 perhibetur,
1212 2614 1253 2647 ut
1288 2620 1366 2647 cum
1397 2606 1583 2655 imperator
1616 2600 1696 2651 quis
1720 2599 1760 2634 in

316 2676 492 2724 dignitate
507 2678 667 2722 creatur,
697 2686 777 2710 mox
794 2676 835 2710 ut
857 2669 1095 2722 imperialibus
1107 2668 1225 2719 fuerit
1246 2665 1374 2716 insulis
1389 2661 1591 2705 redimitus,
1618 2665 1760 2693 coronae

317 2731 422 2769 simul
450 2743 494 2768 ac
519 2733 648 2780 sceptri
674 2730 792 2779 gloria
816 2728 1017 2774 decoratus,
1048 2737 1125 2762 cum
1146 2724 1289 2773 denique
1303 2729 1479 2771 procerum
1493 2713 1652 2752 vallatur
1669 2709 1762 2747 obse-

319 2789 434 2839 quiis,
461 2798 536 2824 cum
555 2788 730 2838 excipitur
749 2783 1004 2823 modulantibus
1016 2781 1243 2833 psallentium
1259 2778 1370 2815 choris
1384 2804 1395 2821 ‚
1422 2771 1565 2826 quidam
1581 2768 1649 2808 sibi
1657 2777 1761 2817 prae·

319 2848 374 2885 sto
395 2844 446 2895 fit
476 2842 597 2882 obvius
609 2872 622 2894 ‚
667 2844 730 2895 qui
758 2841 917 2881 videlicet
947 2851 1021 2878 una
1047 2850 1152 2876 manu
1179 2834 1360 2875 vasculum
1381 2831 1522 2884 plenum
1550 2827 1762 2864 mot-tuomst
