1864 3164
253 153 351 201 246
451 156 727 203 GRETSERI
747 156 820 201 ET
846 155 1019 201 GOARI
1039 155 1498 202 COMMENTARIUS.

252 266 364 299 catur·
397 266 434 299 at
468 275 535 300 non
570 261 735 310 ἰδιωτική
775 266 811 298 et
848 261 998 318 vulgaris
1038 263 1140 300 clava
1172 266 1226 300 est
1262 263 1348 298 haec
1378 263 1712 310 πρωταλογοῖτορος

249 310 459 355 ματζοῦκα,
483 310 544 345 sed
568 311 759 351 honoraria,
783 319 889 354 eaque
913 308 1064 354 capitata
1086 310 1196 354 virga,
1217 321 1316 365 quam
1333 311 1545 365 apparitores
1570 322 1630 344 seu
1653 322 1712 345 ac-

253 356 345 389 censi
368 361 505 400 gestant
527 361 606 390 ante
628 356 797 401 principes
821 354 1009 389 cardinales
1038 362 1210 398 rectores,
1242 356 1278 390 in
1297 355 1495 410 potestatis
1524 357 1712 400 symbolum

253 409 289 435 et
312 402 532 436 excellentiae
558 409 808 446 argumentum,
845 401 881 434 la
901 412 1032 442 masse,
1063 401 1152 436 unde
1180 382 1216 436 e’t
1242 401 1309 447 ipsi
1341 403 1472 436 clavati
1495 403 1713 447 apparitores

254 453 290 481 et
325 448 498 503 clavigeri
529 449 662 481 accensi
693 445 888 502 nuncupati.
934 446 980 481 nil
1010 446 1128 492 itaque
1159 447 1214 482 hic
1243 447 1286 481 ad
1311 448 1518 502 propositum
1540 452 1714 482 castrense

251 491 495 538 ματζουκιον,
518 493 562 527 de
585 504 651 538 quo
678 492 846 536 Rigaltius
867 495 902 526 et
926 491 1113 533 Meursius,
1137 493 1195 538 qui
1218 490 1427 537 ματζούκην
1452 497 1486 527 et
1505 489 1711 537 ματζουκα-

253 551 301 582 κη
303 550 325 572 ν
359 538 534 573 Theodori
565 538 736 572 cuiusdam
770 549 954 582 cognomen
987 539 1074 584 apud
1103 519 1264 573 ⁴'Nicetam
1299 539 1334 572 in
1358 538 1568 574 Manuelisl.
1593 541 1615 575 7
1638 550 1714 573 cum

256 584 461 629 appellativa
484 584 548 618 hac
570 584 718 618 dictione
741 587 868 617 temere
890 584 1073 618 confundit.
1120 584 1165 619 ad
1197 595 1279 621 rem.
1324 583 1442 628 virgae
1464 583 1560 618 huius
1583 584 1715 638 capita-

256 636 314 666 tae
345 629 552 664 manubrium
584 630 742 664 scribitur
778 634 931 662 correcte
960 628 1141 674 στηλειός,
1185 630 1274 675 quod
1303 630 1518 664 columellam
1553 629 1716 672 imitetur,

256 675 411 730 quamvis
434 675 522 721 apud
546 675 738 731 Crispinum
761 675 890 708 securis
915 675 1120 709 manubrium
1147 671 1336 719 στειλειός,
1361 672 1539 730 στελειός,
1561 673 1716 719 στελεός,

255 718 438 764 στειλεόν,
473 718 617 755 στελεόν
649 726 685 755 et
714 718 854 755 σεελειά
885 721 1064 755 scribatur.
1110 721 1261 766 βουτίον
1284 719 1338 761 εἰς
1358 716 1400 755 vti
1425 717 1545 775 ἄκρον
1568 720 1648 766 quid
1671 721 1717 755 sit

258 766 512 810 inquirendum.
543 767 661 802 buttae
685 767 771 801 euim
796 771 832 800 et
854 778 980 812 cupae,
1004 778 1045 801 ac
1068 767 1209 811 integra
1219 778 1362 821 quoque
1383 778 1471 802 vasa
1493 767 1650 809 vinaria,
1673 766 1718 800 de

282 812 380 845 uibus
406 813 593 846 Gretserus
616 812 785 847 Meursius
809 793 989 855 Rigaltius,
1013 813 1056 846 ab
1081 812 1176 846 hoc‘
1167 812 1290 856 msigni
1305 811 1521 847 removenda.
1569 823 1613 846 an
1631 823 1716 846 vero

258 824 413 904 ἓουτίον
436 858 534 902 quasi
557 858 713 902 φουτίον
746 857 973 892 diminutivum
1009 858 1170 901 φοῠτας,
1206 858 1299 891 cuius
1328 857 1417 891 inter
1451 857 1564 892 varias
1596 857 1718 912 capitis

259 903 498 948 praecedentis
521 903 685 938 lectiones
708 908 761 937 est
784 903 930 945 mentio,
966 903 1059 937 cuius
1084 903 1172 937 idem
1195 909 1248 937 est
1270 915 1310 938 ac
1333 901 1475 947 τούφας
1497 914 1640 958 sentius,⁸
1668 902 1719 938 ita

260 953 299 982 ut
323 953 426 995 caput
449 955 485 983 et
508 949 636 994 apicem
663 949 844 983 claviculae
867 949 965 983 istius
989 948 1187 982 crassiorem
1211 954 1246 983 et
1269 953 1454 983 extremum
1476 948 1598 983 nodum
1613 948 1720 993 signi-

258 994 372 1028 ficet?
419 1005 461 1028 an
482 994 602 1029 iterum
628 995 796 1041 βουτιόν,
821 994 913 1039 quod
938 994 1045 1029 nodus
1067 994 1123 1029 ille
1146 994 1320 1049 oblpngior
1343 996 1475 1028 buttem
1498 998 1534 1029 et
1559 999 1720 1048 vegetem

260 1051 324 1074 sua
347 1040 458 1084 figura
480 1040 656 1075 imitetur?
703 1052 747 1075 an
769 1040 914 1085 denique
938 1039 1087 1095 βουτίον
1110 1051 1175 1074 non
1199 1040 1233 1074 iu
1257 1040 1441 1074 claviculae
1455 1039 1630 1094 superiori
1640 1051 1720 1074 ver-

261 1085 328 1119 tice
352 1086 410 1119 sed
434 1086 467 1119 in
490 1086 555 1120 imo
579 1090 729 1120 extremo
754 1085 1015 1140 inspiciendum,
1038 1085 1086 1119 ita
1109 1090 1147 1119 ut
1169 1087 1265 1119 velut
1288 1097 1327 1119 os
1348 1085 1383 1119 in
1407 1085 1597 1128 acetabulo,
1619 1085 1720 1120 imum

260 1131 340 1165 illud
364 1132 571 1166 manubrium
595 1128 635 1167 ἐν
659 1131 794 1186 βουτίῳ
819 1142 882 1166 ceu
904 1131 937 1165 in
962 1131 1151 1165 craterculo
1186 1135 1221 1165 et
1252 1132 1384 1176 cupella
1414 1130 1625 1174 includatur,
1653 1141 1721 1176 quo

262 1181 298 1210 et
319 1176 446 1211 firmius
468 1182 626 1212 teneatur
650 1182 686 1211 et
711 1177 762 1217 ei,
799 1177 889 1221 quod
906 1188 1032 1231 pauno
1049 1176 1206 1211 coccineo
1237 1176 1492 1222 superindutum
1519 1176 1585 1219 sit,
1621 1187 1724 1211 orna-

260 1227 410 1256 mentum
434 1232 516 1256 auro
541 1223 653 1258 addito
678 1221 832 1259 crescat!
873 1222 978 1256 minus
1001 1221 1191 1276 displicebit
1212 1222 1360 1257 indutum
1389 1222 1471 1256 illud
1503 1223 1725 1268 manubrium,

261 1268 290 1301 si
314 1279 439 1302 summa
462 1268 496 1302 in
519 1273 618 1313 parte
639 1273 759 1323 caput
767 1268 984 1309 deauratum,
1019 1268 1054 1302 in
1086 1268 1152 1302 ima
1182 1269 1406 1302 craterculum
1435 1268 1525 1302 hunc
1559 1269 1724 1323 proferat,

260 1313 296 1347 in
321 1313 431 1348 media
452 1314 588 1347 tandem
618 1312 713 1357 δέμα
741 1310 875 1356 ὁμοίως
904 1310 1198 1358 κεχρυσωμένον,
1232 1325 1297 1348 nou
1330 1315 1562 1358 ligamentum
1591 1313 1725 1359 quodli-

261 1359 322 1393 bet
344 1358 405 1392 sed
427 1358 619 1403 vinculum,
653 1359 726 1393 sive
758 1360 925 1394 laminam
957 1364 1120 1393 auratam
1142 1358 1224 1392 illud
1246 1363 1367 1393 ornate
1388 1358 1588 1393 ambientem
1611 1364 1727 1394 osten·-

262 1407 329 1438 tet.
379 1403 561 1450 βουτίζειν
584 1416 687 1450 porro
711 1409 764 1438 est
787 1405 992 1449 immergere
1016 1404 1072 1439 vel
1095 1405 1289 1446 immittere,
1311 1404 1468 1438 videlicet
1493 1403 1526 1438 in
1550 1415 1622 1438 rem
1645 1415 1725 1449 pro-

261 1449 422 1490 fundam3
454 1461 495 1483 ac
516 1455 701 1495 propterea
725 1449 937 1484 acetabulum
961 1460 1121 1491 aureum,
1156 1449 1210 1484 cui
1242 1449 1419 1484 commissa
1449 1449 1556 1484 fuerit
1578 1453 1726 1486 extrema

264 1494 453 1529 claviculae
475 1506 574 1541 pars,
601 1494 752 1543 βουτίου
776 1506 842 1530 non
865 1494 1031 1530 immerito
1055 1506 1175 1529 nomen
1198 1499 1410 1542 assequetur.

355 1578 392 1612 p.
411 1568 505 1602 26v.
523 1569 557 1603 8.
573 1567 799 1624 χρυσαφίου]
816 1567 929 1602 Simon
944 1567 1098 1602 Portius·
1123 1562 1285 1612 χρυσοῖφι
1301 1568 1375 1602 vice
1386 1564 1727 1623 χρυσοίφιον,χρον·

265 1610 379 1656 σάφι,
403 1614 575 1658 χρυσίον,
605 1612 758 1660 χρυσός,
790 1625 927 1648 aarum.
973 1613 1146 1648 Mem-sius
1168 1613 1418 1659 corruptissime
1439 1614 1523 1658 legit
1543 1611 1730 1659 χρυσοὶφη,

266 1669 428 1703 nusquam
459 1659 626 1695 usitatum.
674 1660 797 1694 dicitur
830 1656 991 1703 χρυσοέφι
1017 1660 1123 1713 filum
1149 1670 1313 1701 aureum,
1343 1664 1379 1693 et
1409 1669 1525 1693 aurum
1580 1659 1730 1693 uodcun-

267 1715 336 1747 que
357 1704 455 1738 alteri
476 1705 527 1738 rei
551 1705 724 1751 additum,
758 1706 857 1752 quasi
879 1702 1108 1751 χρυσαπτόν;
1141 1705 1232 1751 quod
1263 1705 1319 1739 hic
1349 1704 1526 1740 etiamnum
1548 1717 1568 1739 c
1582 1705 1731 1740 arissime

269 1750 549 1795 deprehenditur.

380 1822 557 1864 ib.v.11
586 1834 672 1872 sqq.
706 1822 848 1861 mirum*
866 1825 925 1859 est
953 1819 1140 1871 quomodo
1168 1819 1296 1858 Iunius
1329 1820 1389 1860 hic
1423 1817 1650 1874 βεστιᾶριον
1672 1820 1731 1858 in-

270 1878 498 1926 terpretatus
518 1879 567 1916 sit
592 1878 824 1927 vestibulum,
854 1882 893 1916 et
911 1874 979 1918 τὸν
1005 1878 1386 1931 πρωτοβεστιαρίτην
1406 1880 1596 1928 principem
1621 1878 1731 1914 vesti-

270 1932 356 1969 buli.
388 1938 505 1972 errant
518 1937 591 1973 viri
604 1936 719 1983 docti,
743 1936 782 1973 id
801 1938 859 1972 est
885 1933 1035 1982 Iunius,
1062 1937 1106 1971 ut
1134 1934 1186 1970 ait
1211 1933 1417 1997 ιΜειιιτείιιε,
1448 1934 1510 1983 qui
1533 1935 1589 1970 ita
1618 1935 1732 1971 inter-

267 1991 481 2038 metaurum
506 1991 570 2027 ubi
600 1992 733 2028 iterum
758 1991 952 2028 Iunianum
972 1989 1138 2026 delirium
1154 1989 1241 2026 viris
1257 1989 1375 2026 doctis
1403 1988 1634 2027 adscribitur.
1662 1988 1732 2026 sed

273 2043 365 2112 quid
383 2046 623 2084 vestiarium?
660 2047 820 2084 Suidas·
887 2044 1084 2096 εστιοὶριον
1114 2042 1221 2094 πικροὶ
1250 2043 1455 2096 Ῥωμαίοις
1482 2039 1605 2092 τόπος
1631 2043 1732 2086 ἔνθα

269 2097 299 2149 ἦ
321 2095 516 2166 ἀναγκαία
537 2098 745 2142 ἀπόκειται
767 2101 905 2167 ἐσθης.
935 2099 1220 2151 Moschopulus:
1219 2099 1381 2169 βέστια
1399 2097 1507 2153 παρὰ
1531 2099 1735 2152 Ῥωμαίοις

275 2153 435 2205 ἱμάτια,
464 2156 504 2205 ἐξ
524 2173 572 2198 ου
598 2173 667 2197 και
689 2152 915 2209 βεστιάριον
941 2156 1107 2209 κυρίως,
1131 2155 1175 2196 ἐν
1203 2150 1236 2210 ᾦ
1257 2153 1305 2196 τοὶ
1329 2154 1512 2207 βασιλικα
1531 2153 1736 2209 ἐνδυματοι

277 2208 561 2259 φυλάσσονται.
589 2213 782 2251 dicebatur
803 2213 964 2250 vestiarii
982 2225 1131 2263 praeses
1160 2213 1271 2250 etiam
1288 2213 1516 2258 abestiarius,·
1543 2217 1582 2251 et
1600 2214 1737 2252 vestia-

276 2268 372 2306 rium
395 2270 603 2319 generalius
634 2273 812 2321 ταμιεῖον
847 2264 1070 2320 βασιλικόν,
1095 2269 1277 2307 aerarium
1307 2269 1605 2322 imperatorium,
1632 2270 1737 2322 apud

278 2324 499 2364 Choniatem
508 2353 521 2377 ,
545 2327 684 2365 citante
700 2325 878 2376 Rigaltio.

390 2418 427 2455 p.
448 2407 502 2445 27
520 2416 554 2442 v,
578 2406 613 2445 1.
642 2403 941 2453 Tzangratorum
962 2401 1033 2454 (ita
1051 2402 1188 2452 ubique
1207 2403 1461 2455 scribendum,
1489 2415 1567 2442 non
1582 2407 1738 2454 tzanga-

277 2458 386 2512 tores)
406 2474 429 2498 a
450 2462 638 2512 tzangris,
666 2473 772 2499 arcus
793 2459 982 2497 cuiusdam
1011 2472 1168 2510 genere,
1198 2464 1241 2498 ut
1259 2473 1303 2498 ex
1330 2461 1595 2499 Cantacuzeno
1621 2460 1739 2509 liquet

276 2514 368 2566 l.1,
399 2517 463 2554 ubi
492 2518 539 2554 de
565 2516 734 2555 maehina
766 2516 926 2565 quadam
953 2515 1083 2554 bellica
1102 2529 1216 2566 agens
1243 2517 1332 2554 dicit
1359 2518 1398 2554 in
1426 2516 1591 2566 quolibet
1615 2531 1739 2556 κατα-

279 2567 477 2623 στρώματι
494 2574 571 2611 eius
592 2574 714 2621 (erant
733 2577 856 2610 autem
869 2571 1057 2622 quinque)
1077 2573 1190 2610 fuisse
1209 2576 1293 2610 octo
1313 2575 1396 2613 ταῖν
1416 2573 1458 2613 ἐκ
1471 2569 1599 2620 τόξων
1616 2576 1739 2612 Λατι-

281 2632 408 2668 νικῶν
429 2632 510 2669 τῶν
537 2630 756 2698 λεγομένων
779 2630 978 2680 τζαγγρων
1006 2625 1208 2676 ἀφιέντων
1235 2628 1344 2680 βέλη.
1373 2629 1528 2666 ibidem:
1560 2627 1629 2667 καὶ
1655 2641 1739 2667 των

282 2679 362 2722 ἀπὸ
383 2700 464 2724 των
482 2688 683 2737 τζαγγρῶν
707 2681 933 2736 ἀφιεμένων
953 2684 1095 2735 βελων.
1125 2684 1220 2722 male
1239 2698 1328 2735 ergo
1349 2684 1475 2723 Iunius
1495 2697 1531 2734 p.
1553 2685 1633 2726 313
1650 2683 1740 2722 facit

280 2750 326 2776 ex
345 2743 647 2791 tzangratoribus
666 2742 793 2780 milztes
812 2740 1030 2791 spatharios,
1059 2754 1142 2778 cum
1171 2742 1307 2779 fuerint
1334 2740 1517 2791 sagittarii
1542 2744 1582 2778 et
1607 2740 1741 2778 arcite-

281 2801 423 2835 nentes.
452 2798 547 2835 male
566 2798 676 2836 etiam
694 2810 829 2836 nomen
847 2797 967 2848 ipsum
986 2797 1136 2835 deducit
1155 2810 1177 2835 a
1195 2810 1286 2836 voce
1303 2797 1472 2836 orientali
1491 2809 1606 2847 saga,
1629 2807 1740 2846 quae,
