1832 3178
449 204 524 246 DE
554 203 813 247 20FF1G113⁷
828 202 924 247 GP:
937 203 1053 248 OAP:
1070 202 1228 248 XVII.
1504 203 1570 249 89

154 335 177 347 v*
199 342 201 345 ·
220 317 610 375 ··Ἓπευφημίσαντος
628 317 672 360 δὲ
690 321 766 360 τοῦ
784 321 887 360 λαοῦ
905 319 971 360 καὶ
986 314 1194 376 φοσσάτου
1210 317 1361 368 παντὸς
1379 317 1568 375 κατέρχε-

110 404 176 431 ται
197 386 272 442 μὲν
290 386 370 429 ἀπὸ
391 387 754 442 τοῦσκουταριόυ,
785 385 923 442 ἄγεται
945 387 992 430 δὲ
1010 389 1067 437 εἷς
1086 386 1158 429 τὸν
1179 390 1255 441 τῆς
1275 385 1392 443 ἄηίἀς
1409 388 1568 443 Σοφιάς

111 454 222 507 ναόν,
245 453 347 497 ὅπου
364 457 432 497 δεῖ
447 454 570 497 αὐτὸν
589 457 655 496 καὶ
676 453 1002 512 στεφθήσεσθαι.
1069 452 1239 512 ὑπάρχει
1257 455 1303 498 δὲ
1321 457 1445 498 ἐκεῖσε
1466 472 1569 512 προ-

112 523 476 578 κατεσκευασμένον
493 522 652 574 ξύλινον
672 522 821 578 οἴκημα
843 523 987 580 μικρὸν
1013 523 1126 566 ἕνεκα
1146 528 1226 578 τῆς
1234 525 1375 581 χρείας
1392 522 1543 579 ταύτης
1555 537 1568 548 ·

79 595 172 644 ςεῑς
199 591 223 634 ὃ
253 589 410 642 ξύλινον
441 590 591 646 οἴκημα
623 589 846 647 εῗσάγοντες
876 592 947 634 τὸν
973 593 1064 634 νέον
1093 593 1267 646 βασιλέα
1291 592 1475 636 ἐνδύουσι
1500 592 1570 636 τὸν

112 660 263 704 σάκκον
290 662 356 702 καὶ
387 660 434 702 τὸ
462 659 665 714 διάδημα,
700 658 968 716 εὖλογούμενα
995 659 1076 703 ὑπὸ
1104 665 1182 704 τῶν
1209 661 1439 717 ἀρχιερέων.
1507 658 1569 704 {ni
1593 672 1623 705 Β

113 730 158 772 δὲ
176 732 250 784 τῆς
268 732 448 786 κεφαλῆς
463 728 587 771 αὐτοῦ
609 729 656 770 οὗ
678 730 958 782 νενομισμένον
976 746 1014 771 τι
1036 737 1174 786 φορεῖ,
1204 729 1299 771 ἀλλ’
1323 729 1350 784 ἢ
1373 730 1571 786 στέφανον

112 797 141 854 ἢ
161 795 336 854 ἓτερονὸ
352 815 392 840 τι
413 796 463 839 ἂν
483 795 594 853 δόξῃ.
635 795 788 840 τούτων
808 798 852 840 δὲ
868 798 1083 853 γινομένων
1101 802 1268 840 τελεῖται
1290 795 1316 853 ἡ
1335 796 1573 853 λειτουργία.

113 866 281 920 πλησίον
301 866 346 907 δὲ
364 860 413 907 οὗ
432 864 591 919 εἴπομεν
609 867 766 916 ξυλίνου
783 865 1002 920 οἰκήματος
1023 865 1358 918 κατασκευάζεται
1382 868 1425 908 ἐκ
1444 865 1574 916 ’ξύλων

62 945 105 981 10
115 932 263 988 ὁμοίως
282 935 349 975 καὶ
369 933 604 989 ἅναβάθρα,
631 936 697 976 καὶ
718 933 903 977 ἐνδύουσι
919 934 1071 989 ταύτην
1086 934 1291 977 πάντοθεν
1311 935 1380 978 διὰ
1395 932 1572 989 βλατίιον

115 1004 316 1058 ἐρυθρῶν.
383 1000 516 1044 ἐπάνω
538 1002 582 1044 δὲ
602 1001 752 1057 ταύτης
769 1005 950 1046 τίθενται
978 1003 1082 1046 κατὰ
1100 1003 1171 1046 τὸν
1191 1003 1371 1059 ἀριθμὸν
1395 1008 1477 1046 τῶν
1493 1008 1575 1057 βα-

115 1070 257 1114 σιλέων
272 1067 416 1126 θρόνοι
429 1076 599 1127 χρυσοῖ,
634 1071 683 1113 οὐ
700 1076 874 1114 τοιοῦτοι
895 1072 940 1113 δὲ
958 1070 1092 1113 ὁποῖοί
1107 1074 1182 1114 εἶσι
1203 1074 1269 1114 καὶ
1290 1072 1405 1114 ἄλλοι
1427 1070 1574 1130 θρόνοι

114 1143 196 1182 τῶν
212 1139 425 1192 βασιλέων,
470 1139 575 1181 ἀλλὰ
602 1144 793 1182 τοσοῦτον
812 1138 965 1195 ὑψηλοὶ
988 1139 1090 1183 ὥστε
1119 1140 1221 1196 ἔχειν
1247 1143 1462 1195 βαθμίόας
1484 1139 1520 1183 δ’
1543 1139 1572 1195 ἢ

117 1207 185 1249 καὶ
202 1205 246 1250 ε’.
313 1207 381 1264 ἐφ’
407 1205 477 1257 οὓς
499 1205 745 1264 ἐξερχόμενοι
774 1208 852 1250 ἀπὸ
881 1213 954 1251 τοῦ
974 1210 1132 1259 ξυλίνου
1153 1207 1372 1264 οἰκήματος
1393 1210 1430 1251 οἱ
1450 1214 1573 1263 βασι-

65 1281 109 1318 15
119 1279 219 1327 λεῖς,
253 1275 324 1318 ἐὰν
342 1275 401 1330 μὴ
420 1272 500 1327 εἷς,
525 1276 667 1326 καθὼς
684 1277 856 1331 εἴπομεν,
880 1277 984 1319 ἀλλὰ
1003 1279 1163 1328 πλείους
1182 1272 1293 1330 ὦσιν,
1320 1280 1569 1330 καθιζουσιν.
1593 1287 1624 1321 C

116 1344 378 1397 ἀναβαίνουσι
409 1344 452 1386 δὲ
482 1346 549 1386 καὶ
578 1344 671 1399 μετ’
694 1345 827 1388 αὐτῶν
849 1348 916 1388 καὶ
936 1346 979 1388 αἱ
1003 1346 1208 1388 δέσποιναι
1230 1347 1273 1388 αἶ
1291 1354 1474 1402 γυναῖκες
1494 1347 1571 1389 αὗ-

116 1416 210 1463 ufir,
244 1413 312 1454 καὶ
329 1413 563 1464 καθίζουσιν
579 1415 645 1455 καὶ
666 1413 784 1456 αὐταὶ
807 1415 878 1471 ἐφ’
901 1412 1061 1471 ἑτέρους
1078 1413 1283 1471 θρόνους,
1321 1416 1575 1472 παρισταμέ-

118 1497 197 1522 νων
223 1479 384 1523 ἅνωθεν
409 1485 491 1522 τῶν
519 1483 720 1523 ὁεσποτῶν
745 1484 812 1524 καὶ
831 1487 912 1524 τῶν
926 1487 1190 1536 βασιλισσῶν,
1224 1482 1250 1537 ἡ
1268 1485 1342 1536 μὲν
1363 1479 1435 1526 οὖν
1454 1500 1576 1539 προε-

120 1549 318 1603 στεμμένη
347 1549 414 1590 καὶ
437 1547 571 1604 μήτηρ
599 1554 673 1590 τοῦ
695 1550 1038 1605 ἀναγορευομένου
1065 1555 1251 1607 φοροῦσα
1273 1553 1339 1592 καὶ
1363 1552 1408 1594 τὸ
1431 1551 1578 1606 ἑαυτῆς

67 1617 303 1670 Ξῢστέμμα,
328 1613 354 1669 ἦ
378 1616 422 1657 δὲ
438 1617 508 1657 νέα
525 1618 687 1669 βασιλὶς
707 1622 893 1673 φοροῦσα
915 1618 1126 1674 στέφανον.

259 1687 347 1738 Τῆς
374 1679 445 1725 οὖν
471 1686 591 1734 θείας
599 1715 612 1735 ,
648 1682 703 1734 ὥς
725 1685 898 1739 εἴπομεν,
932 1687 1171 1741 τελουμένης
1196 1687 1465 1743 λειτουργίας,
1499 1686 1578 1742 πρὸ

122 1754 197 1793 τοῦ
215 1753 422 1807 τρισαγιόυ
444 1750 572 1805 ὕμνου
595 1751 851 1809 ἐξερχόμενος
871 1752 892 1795 ὃ
917 1753 1167 1811 πατριάρχης
1185 1759 1259 1796 τοῦ
1274 1754 1460 1809 βήματος
1479 1757 1580 1797 ἄνα-

123 1819 251 1872 βαίνει
269 1821 332 1861 ἐπὶ
351 1819 422 1861 τὸν
441 1813 624 1874 ἄμβωιά,
659 1823 725 1863 καὶ
745 1822 839 1876 μετ’
865 1822 990 1865 αὐτοῦ
1012 1823 1049 1864 οἱ
1066 1820 1310 1881 ἐντιμότεροι
1330 1828 1410 1867 τῶν
1430 1822 1580 1882 ἀρχόν-

211 1958 235 1993 3
255 1956 317 1993 καὶ
339 1958 406 1994 add
429 1960 459 1994 A
587 1962 628 1996 11
654 1958 840 2006 ἒρυθρῶν]
864 1961 1045 1997 κοκκίνων
1066 1963 1098 1999 A
1230 1964 1275 2000 12
1297 1961 1403 1999 ου’-
1416 1965 1460 2000 13
1476 1963 1578 2010 βασι-

212 2001 304 2039 λέων
327 2016 381 2040 om
405 2005 438 2040 A
577 2009 621 2043 16
644 2007 685 2042 αὶ
707 2006 900 2043 δέσποιναι
923 2021 977 2044 om
1000 2010 1030 2044 P

212 2128 346 2174 Populo
367 2134 404 2163 et
424 2129 588 2164 universo
613 2131 768 2166 exercitu
790 2132 915 2167 faustis
939 2132 1242 2168 acclamationibus
1264 2139 1487 2179 personante,
1515 2136 1578 2169 de-

123 2173 260 2208 scendit
280 2175 324 2208 de
348 2183 458 2219 scuto,
484 2176 688 2220 duciturque
713 2179 755 2211 ad
780 2185 920 2213 sanctae
943 2181 1098 2225 Sophiae
1121 2180 1296 2224 templum,
1321 2181 1358 2215 in
1383 2193 1451 2226 quo
1475 2193 1579 2215 coro-

123 2219 257 2253 naudus
281 2225 348 2254 est.
394 2228 449 2255 est
472 2228 583 2256 autem
613 2223 664 2256 ibi
695 2223 787 2258 hunc
815 2225 852 2258 in
875 2236 972 2260 usum
995 2226 1111 2271 lignea
1134 2226 1291 2260 aedicula
1311 2234 1508 2270 exstructa,
1542 2226 1579 2259 in

123 2275 192 2308 qua
215 2275 339 2299 novum
362 2265 603 2311 imperatorem
626 2269 858 2304 introductum
885 2271 1033 2306 induunt
1063 2283 1165 2306 sacco
1190 2278 1226 2306 et
1248 2272 1464 2316 diademate,
1500 2272 1579 2317 epi-

123 2321 305 2354 scoporum
329 2312 571 2347 benedictione
593 2315 689 2359 prius
712 2317 936 2351 consecratis.
959 2318 994 2351 in
1020 2318 1136 2362 capite
1160 2329 1228 2351 non
1252 2319 1322 2352 fert
1343 2325 1474 2352 certum
1495 2317 1581 2361 quid

124 2366 166 2389 ac
188 2356 378 2399 definitum,
412 2359 475 2392 sed
497 2359 554 2392 vel
576 2366 703 2395 sertum
723 2361 780 2395 vel
803 2363 886 2407 qnid
911 2363 1003 2398 aliud
1029 2365 1201 2398 arbitratu
1224 2374 1302 2397 suo.
1349 2364 1403 2397 his
1428 2362 1581 2408 peractis

124 2400 267 2445 liturgia
289 2402 481 2447 peragitur.
528 2416 632 2449 porro
666 2418 776 2452 prope
811 2409 1001 2444 aediculam
1032 2410 1124 2443 illam
1146 2409 1316 2452 ligneam,
1352 2409 1397 2442 de
1419 2420 1489 2453 qua
1514 2408 1582 2441 iam

125 2446 294 2490 diximus,
326 2449 508 2483 aedificata
538 2457 593 2484 est
620 2450 735 2496 lignea
767 2455 958 2489 anabathra
980 2455 1105 2500 pannis
1128 2455 1244 2488 rubris
1269 2454 1421 2497 vestita,
1455 2454 1491 2486 in
1515 2465 1586 2498 qua

123 2503 188 2538 pro
211 2504 351 2526 numero
374 2493 618 2539 imperatorum
640 2504 816 2542 ponuntur
831 2501 929 2534 aurei
945 2500 1074 2544 throni,
1100 2507 1137 2534 at
1160 2511 1228 2533 non
1250 2500 1338 2532 tales
1363 2498 1483 2543 quales
1504 2504 1586 2533 sunt

125 2538 186 2571 alii
208 2537 454 2584 imperatorum
479 2541 607 2585 throni,
635 2543 694 2577 sed
720 2545 807 2579 adeo
831 2547 962 2581 excelsi
985 2552 1023 2580 ut
1047 2547 1197 2579 habeant
1220 2550 1386 2588 quattuor
1404 2544 1460 2579 vel
1480 2545 1584 2590 quin-

124 2594 193 2627 que
217 2585 366 2628 gradus,
398 2585 433 2618 in
468 2586 592 2630 quibus
627 2590 760 2632 egressi
783 2603 828 2625 ex
849 2591 967 2636 lignea
990 2591 1147 2626 aedicula
1173 2591 1425 2634 imperatores,
1459 2591 1491 2625 si
1515 2603 1586 2625 non

127 2640 214 2663 unus
236 2631 298 2663 sed
322 2630 437 2676 plures
460 2632 603 2676 fuerint,
629 2634 798 2670 resident.
844 2638 1035 2672 ascendunt
1059 2642 1094 2670 et
1118 2647 1192 2669 cum
1219 2635 1288 2669 illis
1313 2636 1473 2671 dominae
1497 2649 1585 2671 uxo-

125 2685 183 2708 res
215 2687 353 2718 eorum,
386 2688 476 2720 quae
508 2684 544 2711 et
577 2677 675 2723 ipsae
705 2680 742 2714 in
772 2682 848 2716 aliis
882 2684 1017 2717 thronis
1041 2682 1186 2723 sedent,
1225 2681 1444 2716 adstantibus
1479 2694 1585 2728 supra

126 2721 282 2765 despotis
299 2728 334 2756 et
348 2722 492 2766 reginis.
518 2729 627 2757 mater
641 2724 748 2769 igitur
763 2728 952 2762 renuntiati
977 2726 1196 2773 imperatoris
1219 2726 1289 2761 iam
1312 2727 1393 2763 olim
1417 2735 1585 2764 coronata

125 2772 241 2810 gestat
262 2779 423 2802 coronam
446 2780 554 2812 suam,
582 2781 674 2804 nova
695 2782 780 2806 vero
803 2773 1006 2819 imperatrix
1029 2779 1172 2806 sertum.

214 2812 304 2846 Dum
330 2813 456 2858 igitur,
489 2820 528 2848 ut
559 2814 729 2861 diximus,
763 2818 883 2853 divina
905 2819 1047 2862 liturgia
1070 2818 1286 2862 celebratur,
1316 2823 1398 2854 ante
1421 2819 1584 2862 hymnum

124 2855 306 2903 trisagium
329 2859 507 2904 egreditur
529 2860 727 2906 patriarcha
749 2875 794 2898 ex
815 2863 1057 2909 tabernaculo,
1094 2870 1131 2898 et
1152 2864 1310 2899 ascendit
1332 2866 1369 2900 in
1392 2867 1583 2911 ambonem,
