1832 3178
253 211 284 258 8
671 212 875 258 CODINI-
904 212 1297 257 CUROPALATAE

252 322 419 382 ἐγεγόνει
450 328 518 370 καὶ
546 327 737 383 βασιλεὺς
764 325 956 384 ὕστερον,
995 326 1123 384 μέγαν
1152 326 1410 382 δομέστικον,
1452 331 1611 385 πρῶτον
1638 328 1713 383 μὲν

202 401 234 437 D
259 393 488 438 ἰσοστάσιον
506 402 562 456 τῷ
582 395 949 454 πανυπερσεβάστῳ
967 400 1110 439 τοῦτον
1127 396 1328 452 ἐποίησεν,
1361 395 1529 454 ὕστερον
1548 397 1592 439 δὲ
1609 397 1712 451 μετὰ

251 463 322 506 τὸν
355 462 536 508 θάνατον
568 466 693 509 αὐτοῦ
720 469 791 507 τοῦ
819 463 985 507 πάππου
1007 462 1228 520 ὖπεβίβασε
1246 464 1291 507 τὸ
1315 464 1474 518 ἀξίωμα
1491 469 1562 507 τοῦ
1580 482 1710 508 πανυ-

250 531 549 588 περσεβάστου,
584 536 651 577 καὶ
678 533 813 584 ἔταξεν
843 533 942 576 αὐτὸ
971 531 1068 576 εἶναι
1093 533 1163 577 τὸν
1178 533 1304 589 μέγαν
1321 533 1574 588 ὁομὲστικον,
1610 533 1711 576 ἀνα-

250 599 429 654 βιβάσας
452 602 499 644 τὸ
523 607 598 645 τοῦ
626 600 803 659 μεγάλου
832 603 1083 657 δομεστίκου.
1152 603 1282 645 ι’στέον
1311 603 1355 644 δὲ
1382 603 1450 644 καὶ
1477 606 1620 654 τοῦτο,
1649 601 1743 646 ὅτιὸ

250 668 534 726 παρεχρῆσατο
562 675 615 728 τῇ
639 676 711 714 τοῦ
735 675 938 725 σεβαστοῧ
958 670 1052 730 ἀξίᾳ
1071 669 1093 713 ὅ
1114 670 1330 726 Κομνηνὸς
1350 669 1523 720 Ἀλὲξιος
1542 674 1592 728 τῇ
1614 686 1713 714 συν-

249 737 365 780 θέσει
385 743 465 780 τῶν
487 738 695 794 ὀνομάτων
713 738 879 783 τούτων.
943 741 1133 794 σεβαστοὶ
1154 739 1232 797 γὰρ
1257 739 1454 782 ἀνέκαθεν
1474 738 1712 790 {mamaccas-

250 805 288 847 οἱ
313 810 495 859 βασιλεῖς
519 807 791 863 ὠνομάζοντο,
827 809 892 851 καὶ
915 801 964 862 ἦν
985 806 1259 860 ἒξιὸιαζόντως
1279 809 1335 858 εἷς
1353 807 1526 861 βασιλέα
1545 805 1712 863 λεγόμε-

247 891 317 916 νον
342 875 388 916 τὸ
415 880 488 918 τοῦ
517 881 717 931 σεβαστοῢ
743 876 895 931 ὄνομα·
930 876 1051 926 αὐτὸς
1085 877 1130 919 δὲ
1159 878 1215 926 εἷς
1241 875 1286 919 τὸ
1311 874 1535 932 κοινότερον
1554 880 1712 933 πρῶτος

246 940 459 999 κατήνεγκε
489 945 562 1000 τὴν
592 943 781 1002 τοιαύτην
801 946 929 996 ἀξίαν.
997 943 1125 996 ἔξεστι
1143 945 1186 987 δὲ
1204 946 1271 986 καὶ
1287 950 1372 995 τοῖς
1386 947 1597 998 βασιλεῦσι
1617 962 1708 986 και-
1722 947 1767 983 10

246 1019 429 1066 νοτομεΐν
452 1015 520 1055 καὶ
541 1011 761 1071 πράγματα
785 1016 851 1056 καὶ
876 1011 1058 1068 ὀνόματα
1084 1010 1323 1065 ἀκωλύτως,
1355 1014 1425 1056 καὶ
1453 1010 1711 1067 ἀναβιβάζειν

248 1081 315 1121 καὶ
339 1078 599 1135 ὖποβιβάζειν
621 1081 676 1132 ὥς
696 1080 922 1135 βούλοιντο.

127 1142 158 1176 P
183 1145 227 1181 18
383 1149 762 1208 πρωτοβεστιάριος.
826 1150 1050 1206 σημείωσαι
1085 1148 1128 1192 δὲ
1156 1148 1225 1192 καὶ
1250 1152 1393 1201 τοῦτο,
1428 1148 1490 1191 ὅτι
1521 1147 1713 1202 βασιλεὺς

248 1216 426 1272 ΖΙῚιχαὴλ
455 1223 534 1261 τῶν
559 1217 856 1275 Παλαιολόγων
883 1217 904 1261 ὅ
932 1223 1090 1275 πρῶτος
1108 1217 1188 1260 ἀπὸ
1209 1221 1282 1260 τοῦ
1303 1220 1641 1275 πρωτοσεβαστοῦ
1659 1216 1712 1259 τὰ

245 1283 425 1342 πράσινα
444 1285 630 1344 ἀφελών,
665 1287 687 1330 ὅ
712 1288 818 1331 ἔστιν
841 1287 1000 1341 ἀξίωμα
1021 1285 1085 1342 ιγ’,
1119 1284 1286 1344 ἓφόρεσε
1304 1291 1434 1329 ταῦτα
1455 1287 1511 1336 εἷς
1527 1285 1598 1329 τὸν
1619 1285 1707 1328 ἀνε-
1722 1295 1766 1332 15

249 1353 348 1407 ψιὸν
381 1354 507 1398 αὐτοῦ
536 1355 711 1411 Μιχαὴλ
742 1356 813 1399 τὸν
846 1352 1159 1411 Ταρχανιώτην,
1203 1353 1378 1409 τιμήσας
1409 1351 1713 1411 πρωτοβεστιά-

249 1435 360 1478 ριον’
396 1421 442 1465 ὃν
472 1426 539 1466 καὶ
567 1423 808 1482 ὑπερέχοντα
826 1423 1009 1476 πάντων,
1037 1427 1112 1466 τοῦ
1131 1441 1174 1466 τε
1193 1422 1372 1479 μεγάλου
1389 1423 1625 1477 δομεστίκου
1643 1424 1712 1464 καὶ

247 1494 323 1532 τοῦ
355 1493 758 1549 πανυπερσεβάστου,
793 1494 953 1548 ἐποίησε
980 1491 1084 1547 μετὰ
1117 1491 1187 1535 τὸν
1215 1493 1423 1549 Καίσαρα.
1489 1489 1711 1546 ὕπεβίβασε

249 1558 295 1599 δὲ
323 1557 443 1602 πάλιν
470 1566 613 1604 τοῦτον
635 1560 655 1603 ὅ
674 1561 865 1615 βασιλεὺς
888 1559 1140 1618 Ἀνδρόνικος
1159 1564 1239 1604 τῶν
1259 1556 1554 1616 Παλαιυλόγων
1575 1557 1597 1602 ὃ
1619 1557 1712 1602 dmi-

246 1643 384 1683 τερος,
411 1627 477 1671 ὅτε
494 1629 563 1672 τὸν
580 1627 1113 1684 ΚαντακουζηνὸνἸωάννην
1122 1661 1135 1681 ,
1162 1627 1218 1679 ὥς
1235 1629 1420 1686 ἀνωτέρω
1437 1628 1709 1686 προλέλεκται,
1719 1636 1766 1672 20

196 1688 226 1730 Β
250 1695 409 1750 ἒτᾲιησε
441 1698 567 1754 μέγαν
598 1699 855 1752 ὃομέστικον·
889 1698 1104 1752 ἀνεβίβασε
1138 1698 1182 1740 δὲ
1213 1697 1334 1740 αὐτὸν
1364 1701 1436 1739 τοῦ
1467 1713 1510 1739 τε
1544 1694 1711 1739 πάππου

247 1765 314 1804 καὶ
343 1766 543 1817 βασιλέως
570 1766 771 1820 ἀνεψιῶν,
811 1764 957 1808 ἑαυτοῦ
991 1767 1037 1808 δὲ
1068 1767 1214 1816 θείων,
1256 1767 1323 1807 καὶ
1359 1763 1504 1822 ἑτέρων
1536 1763 1711 1818 πάντων,

249 1832 318 1872 καὶ
350 1833 477 1875 αὐτοῦ
506 1834 558 1889 δὴ
591 1839 665 1876 τοῦ
695 1831 1077 1891 πανυπερσεβάστου
1117 1835 1184 1875 καὶ
1221 1837 1294 1875 τοῦ
1327 1833 1711 1890 πρωτοβεστιαριόυ.

340 1950 364 1986 4
385 1947 491 1987 ὖπὸί)

247 2062 350 2097 num,
386 2053 447 2099 qui
467 2059 548 2100 post
570 2057 674 2092 etiam
694 2055 885 2101 imperator
906 2054 989 2099 fuit,
1015 2052 1130 2099 magni
1153 2052 1332 2089 domestici
1355 2053 1544 2090 honoribus
1566 2065 1710 2100 augens,

247 2098 392 2143 primum
418 2102 594 2146 aequalem
617 2102 703 2137 fecit
724 2102 1074 2146 Panhypersebasto:
1098 2100 1225 2134 deinde
1246 2106 1326 2145 post
1347 2107 1491 2135 mortem
1514 2100 1572 2135 avi
1593 2102 1710 2145 digni-

248 2147 354 2178 tatem
383 2145 703 2192 Panhypersebasti
735 2147 950 2193 postposuit,
985 2146 1176 2192 statuitque
1207 2151 1247 2179 ut
1277 2147 1342 2181 sub
1371 2158 1496 2192 magno
1519 2147 1710 2182 domestico

248 2195 364 2233 esset,
401 2199 524 2227 evecta
556 2193 673 2239 magni
706 2193 886 2227 domestici
919 2192 1101 2237 dignitate.
1155 2191 1330 2226 sciendum
1363 2198 1400 2227 et
1431 2193 1516 2237 hoc,
1550 2192 1711 2227 Alexium

249 2234 462 2272 Comnenum
487 2240 620 2274 sebasti
642 2238 815 2284 dignitate
838 2240 981 2272 abusum
1005 2250 1100 2281 esse,
1138 2238 1276 2283 quando
1307 2239 1375 2272 duo
1408 2238 1469 2272 illa
1503 2238 1641 2272 nomina
1672 2239 1711 2273 in

250 2291 354 2315 unum
388 2285 569 2319 conflavit:
607 2297 686 2320 nam
718 2283 955 2330 superioribus
987 2283 1134 2318 saeculis
1166 2283 1299 2318 sebasti
1334 2295 1458 2318 nomen
1488 2284 1711 2330 imperatoris

251 2327 443 2372 epithetum
474 2336 566 2374 erat,
601 2342 746 2376 eumque
774 2330 917 2376 proprie
939 2330 1157 2374 designabat.
1203 2335 1241 2364 at
1262 2329 1330 2364 iste
1351 2330 1498 2365 nominis
1520 2330 1622 2365 huius
1645 2330 1709 2364 ho-

250 2383 368 2408 norem
391 2376 522 2420 primus
545 2377 774 2422 vulgatiorem
798 2381 834 2410 et
856 2376 1119 2410 communiorem
1142 2375 1242 2410 fecit.
1288 2376 1350 2410 sed
1377 2375 1535 2410 nimirum
1557 2376 1710 2423 impera-

247 2419 384 2454 toribus
407 2421 462 2456 ius
487 2427 541 2456 est
562 2424 695 2468 absque
718 2421 895 2457 obstaculo
920 2433 982 2466 pro
1006 2420 1152 2455 arbitrio
1176 2426 1213 2455 et
1234 2432 1339 2456 voces
1362 2421 1535 2467 novandi,
1565 2426 1602 2457 et
1622 2433 1711 2467 quos

247 2464 370 2500 volunt
392 2468 627 2513 anteponendi
650 2475 685 2504 et
708 2467 954 2513 postponendi.

339 2511 648 2549 Protovestiarius.
696 2515 845 2548 observa
879 2518 916 2547 et
948 2513 1026 2546 hoc.
1073 2511 1264 2557 imperator
1296 2512 1466 2558 Michael‚
1503 2512 1632 2558 primus
1665 2524 1710 2547 ex

247 2554 484 2604 Palaeologis,
515 2561 630 2595 ablata
653 2570 675 2594 a
694 2560 963 2602 Protosebasto,
991 2569 1080 2602 quae
1104 2562 1159 2592 est
1183 2558 1226 2592 13
1248 2558 1420 2604 dignitas,
1443 2558 1585 2604 prasina
1605 2558 1709 2592 indu-

251 2607 368 2637 menta
398 2606 576 2641 transtulit
598 2607 643 2641 ad
665 2605 871 2640 Michaelem
894 2604 1163 2638 Tarchaniotam
1187 2604 1319 2638 sororis
1342 2616 1427 2639 suae
1448 2604 1575 2648 filium,
1609 2615 1709 2638 crea—

249 2652 322 2680 tum
346 2650 408 2684 abs
431 2662 470 2685 se
494 2651 820 2696 protovestiarium3
849 2661 948 2696 quem
973 2650 1076 2684 etiam
1099 2649 1278 2694 omnibus,
1302 2662 1425 2694 magno
1445 2649 1567 2684 itidem
1589 2650 1709 2684 donne-

249 2692 338 2727 stico
362 2700 398 2728 et
421 2698 767 2742 panhypersebasto‚
790 2701 936 2741 excepto
962 2700 1078 2730 tamen
1098 2695 1272 2741 Caesare,
1296 2695 1475 2737 antetulit3
1505 2707 1605 2740 quem
1628 2706 1708 2729 rur-

249 2749 309 2772 sus
339 2741 490 2776 subiecit
519 2744 708 2788 imperator
730 2742 946 2777 Andronicus
970 2752 1012 2775 ex
1033 2740 1252 2786 Palaeologis
1276 2742 1343 2776 hoc
1365 2741 1502 2775 nomine
1524 2741 1709 2783 secundus,

247 2786 386 2828 quando
416 2788 580 2823 Ioannem
603 2790 902 2831 Cantacuzenum‚
935 2792 973 2821 ut
995 2797 1100 2831 supra
1123 2787 1270 2830 dictum,
1304 2797 1462 2831 magnum
1484 2786 1708 2820 domesticum

248 2832 393 2866 creavit.
443 2834 567 2869 extulit
588 2847 674 2869 vero
698 2845 775 2869 eum
799 2839 835 2868 et
858 2844 962 2878 supra
983 2832 1042 2866 avi
1062 2832 1282 2877 imperatoris
1302 2843 1458 2866 sororum
1476 2832 1584 2875 filios,
1605 2843 1705 2866 suos-

247 2888 316 2922 que
340 2880 549 2925 avunculos,
584 2886 621 2915 et
642 2892 749 2927 supra
772 2891 888 2915 omnes
910 2878 1016 2923 alios,
1041 2889 1109 2912 non
1132 2878 1456 2924 panhypersebasto
1481 2884 1517 2914 et
1539 2883 1705 2924 protove-
