1864 3164
343 205 440 253 354
537 204 831 268 MGRETSERI
851 204 925 247 ET
945 203 1119 249 GoAlu
1136 203 1572 251 COMMENTARIUS

342 314 500 358 τάσσων
517 313 681 370 γράφει,
709 313 836 370 ἤγουν
863 311 910 356 vd
933 314 959 356 ὅ
978 315 1088 356 δεῖνα
1108 314 1150 356 ἓν
1171 316 1328 371 Χριστῷ
1343 316 1403 372 τῷ
1420 317 1504 372 θεῷ
1521 312 1658 363 morde
1675 316 1791 369 βασι-

341 371 434 422 λεύς
451 372 518 413 καὶ
541 369 796 427 αὐτοκράτωρ
811 371 1030 424 Ῥωμαίων,
1059 368 1088 422 ἢ
1108 368 1291 424 βασιλεύς
1306 358 1525 424 Ῥωμαίων,
1547 371 1673 427 οἰκείᾳ
1691 372 1793 424 χειρὶ

341 425 556 478 ὑποτάξας.
610 443 700 480 ergo
728 433 768 468 et
798 424 1035 482 προτάσσειν
1068 431 1107 466 et
1134 425 1371 469 ὖποτοῖσσειν
1407 431 1466 466 est
1495 430 1721 479 praescribere
1751 433 1790 467 et

340 487 566 529 subscribam
589 486 627 524 in
646 498 804 537 quorum
827 485 979 524 notione
998 484 1224 538 pervidenda
1247 489 1286 524 et
1303 483 1517 538 explicanda
1532 484 1642 537 plane
1661 497 1789 524 caecu-

341 543 424 581 tivit
443 542 580 582 Iunius.

452 635 489 672 p.
509 620 563 662 86
587 632 621 659 v.
657 617 719 660 14.
749 615 802 660 ἂν
820 616 865 660 δὲ
882 617 974 668 υἱός
1001 615 1109 661 αΰτοῖ
1135 612 1166 675 ᾗ
1177 650 1188 669 ,
1217 619 1256 659 εἰ
1272 616 1344 671 μὲν
1375 617 1584 660 ἐκδίδωσιν
1604 616 1628 660 o‘
1645 615 1787 671 πατήρ,

339 673 485 732 γράφει
515 675 584 716 καὶ
613 671 753 723 αὐτός,
791 673 1024 726 προτάσσων
1055 660 1193 723 οῧτως.
1247 676 1381 714 omitto
1410 675 1471 714 hic
1497 676 1610 714 etiam
1637 675 1789 714 verbum

340 730 575 786 προτάσσων
601 731 696 770 male
719 732 917 771 redditum.
965 733 1087 784 priora
1113 733 1166 770 sic
1195 732 1307 770 vertit
1338 731 1489 770 Iunius:
1529 731 1655 783 quodsi
1681 731 1787 782 filius

340 794 391 828 est
409 791 499 840 ipsi,
526 789 694 840 siquidem
716 790 880 828 attribuit
895 793 1007 841 pater.
1063 801 1266 840 perperam.
1320 787 1519 839 legendum
1537 800 1582 827 ex
1598 788 1682 827 cod.
1695 787 1786 826 Bav.

340 851 380 884 et
403 844 539 884 Lauth.
568 844 800 886 ἐνδίδωσινὲ
827 847 862 884 si
873 850 978 898 pater
998 846 1180 894 concedat,
1208 847 1243 883 si
1252 848 1450 896 permittat.

431 921 478 956 ib.
500 931 536 954 v.
554 919 609 956 15.
635 919 811 964 Gregoras
831 919 854 955 4
882 920 942 956 15:
966 916 1144 966 ἐπέτρεψε
1166 916 1200 955 δ’
1230 915 1335 964 αὗτῷ
1355 916 1600 966 (Ἀνδρονίκῳ)
1622 913 1644 954 ὅ
1667 913 1790 963 πατὴρ

341 964 406 1001 καὶ
428 963 473 1001 δι’
499 961 669 1021 ἐρυθριῶν
690 963 921 1021 ὖζτογροὶφςιν
941 963 1162 1019 γραμμάτων
1189 963 1331 1020 προστοί
1353 975 1469 1019 μοιτοι1
1493 961 1538 1020 qi·
1551 961 1676 1008 μέντοι
1690 964 1791 1010 μῆνα

343 1010 406 1047 καὶ
429 1011 614 1055 ἴνδικτον,
641 1013 735 1045 amoc
757 1010 981 1055 Ανδρονικος
1002 1012 1161 1055 Χρωτου
1181 1021 1302 1055 zoroe-rt
1349 1011 1492 1050 ασιλευς
1519 1009 1709 1054 Ρωμαίων.

454 1095 492 1132 Ρ,
515 1084 567 1122 87
579 1093 615 1118 v.
635 1082 672 1121 9.
713 1079 840 1117 Iunius
868 1080 998 1118 inscite
1020 1082 1186 1131 promitto
1213 1092 1266 1119 me
1293 1080 1529 1119 abstenturum
1560 1079 1606 1118 ab
1635 1080 1788 1121 invidia.

341 1138 416 1175 imo
442 1151 465 1175 a
493 1137 679 1185 caedibus,
708 1137 794 1185 quia
808 1136 1011 1187 legendum
1030 1133 1192 1186 φόνων,
1221 1148 1298 1175 non
1317 1131 1501 1186 φθόνων.
1558 1134 1676 1185 qualis
1702 1149 1789 1187 pro-

342 1194 466 1230 missio
487 1193 534 1230 ab
554 1194 797 1243 imperatore,
823 1194 855 1231 si
874 1193 1068 1244 promittat
1076 1205 1122 1231 se
1139 1191 1231 1230 velle
1249 1192 1434 1230 abstinere
1450 1191 1498 1230 ab
1521 1191 1680 1243 invidia,
1706 1205 1791 1230 cum

340 1250 401 1287 vix
429 1250 564 1287 habeat
592 1250 649 1286 cui
674 1250 753 1300 ipse
779 1249 968 1300 invideat,
994 1250 1074 1300 ipse
1087 1249 1274 1288 communi
1293 1249 1455 1287 omnium
1472 1248 1630 1286 invidiae
1642 1249 1790 1299 exposi-

340 1305 433 1343 tus?
487 1318 554 1342 nec
581 1309 682 1343 recte
707 1306 819 1343 vertit
847 1300 1198 1358 ἄκρωτηριασμούς
1225 1305 1511 1343 concussiones:
1538 1304 1790 1343 mutilationes

339 1361 526 1411 debebas,
554 1361 646 1399 Iu-ni.
703 1361 789 1410 quia
813 1362 911 1399 enim
936 1361 1071 1399 Graeci
1094 1362 1335 1414 imperatores
1368 1362 1416 1400 ad
1436 1360 1567 1399 caedes
1587 1364 1625 1399 et
1644 1360 1790 1400 mutila—

340 1419 460 1456 tiones
481 1417 587 1456 valde
606 1418 770 1469 prompti
787 1422 905 1468 erant,
933 1421 976 1456 ut
998 1430 1044 1455 ex
1056 1421 1139 1457 tota
1157 1417 1310 1455 historia
1327 1417 1536 1468 Byzantina
1554 1416 1683 1467 liquet,
1710 1417 1790 1455 iure

340 1474 388 1512 ab
404 1474 497 1523 illis,
525 1487 618 1524 quos
645 1487 782 1512 corona
805 1474 1067 1526 exspectabat,
1091 1475 1308 1525 exigebatur
1335 1478 1380 1513 ut
1409 1473 1478 1513 hac
1505 1473 1546 1511 in
1572 1484 1613 1511 re
1636 1473 1790 1512 modum

341 1535 511 1569 tenerent
536 1534 575 1568 et
596 1529 686 1568 nihil
711 1534 859 1582 praeter
881 1531 938 1569 fas
962 1534 1125 1581 agerent.

452 1609 500 1646 ib.
523 1621 557 1647 v.
589 1609 651 1648 16.
686 1608 743 1655 εἰς
772 1605 844 1655 τὰς
867 1604 999 1659 τόσας]
1040 1608 1130 1658 quid
1154 1608 1224 1646 hoc
1240 1607 1310 1646 sibi
1332 1606 1444 1658 velit,
1480 1608 1600 1646 fateor
1627 1618 1686 1645 me
1712 1618 1790 1645 non

341 1666 510 1760 iaggietqnss
540 1677 625 1703 nam
655 1665 755 1715 quod
779 1665 906 1704 Iunius
929 1666 1040 1704 vertit
1047 1692 1060 1716 ,
1088 1665 1137 1704 ad
1157 1669 1274 1704 tantas
1294 1664 1359 1715 N,
1396 1665 1436 1702 id
1463 1663 1552 1702 mihi
1578 1675 1655 1703 non
1678 1663 1789 1702 satis-

432 1787 518 1822 ibr'd.
564 1785 646 1832 quid
669 1782 734 1820 hoc
756 1783 819 1819 sibi
842 1784 944 1828 velit,
964 1785 1076 1819 fateor
1099 1795 1152 1819 me
1172 1795 1239 1818 non
1261 1783 1411 1838 assequi,
1440 1783 1562 1821 scribit
1594 1786 1791 1824 Gretserus.

341 1833 390 1867 nil
417 1833 550 1868 mirum:
574 1835 750 1877 corruptus
768 1831 853 1865 enim
881 1834 918 1865 et
945 1830 1096 1876 vulgaris
1118 1833 1171 1864 est
1201 1830 1356 1874 loquendi
1384 1829 1523 1877 modus,
1561 1843 1627 1877 quo
1651 1836 1789 1877 quotum

340 1880 463 1913 mensis
484 1878 573 1912 diem
596 1880 758 1912 annotant
789 1877 927 1911 Graeci.
959 1888 1001 1911 ex
1032 1875 1162 1921 vulgari
1189 1874 1408 1919 grammatica
1439 1877 1588 1931 percipio
1619 1888 1679 1912 eos
1717 1876 1791 1912 dies

340 1924 464 1958 mensis
486 1929 718 1958 numeratores
741 1933 807 1956 non
830 1921 1006 1957 adiectivis
1035 1921 1257 1956 numeralibus
1287 1921 1348 1956 sed
1377 1922 1598 1958 substantivis
1627 1922 1698 1957 nti:
1723 1931 1790 1957 non

341 1969 426 2003 enim
451 1969 564 2004 dicunt
586 1967 754 2009 secundo,
776 1968 929 2010 decimo,
956 1968 1115 2012 vigesimo
1149 1967 1224 2009 die,
1257 1977 1371 2001 verum
1393 1966 1437 2001 ad
1459 1967 1564 2010 duos,
1592 1968 1636 2002 ad
1661 1967 1789 2011 decem,

336 2015 382 2053 ad
407 2014 528 2058 viginti
552 2015 627 2048 dies
647 2014 781 2047 mensis.
805 2013 902 2047 simul
925 2013 1023 2047 etiarn
1048 2012 1305 2058 praepositionis
1336 2009 1388 2051 εἰς
1417 2013 1612 2048 accusativo
1638 2013 1791 2056 iunctae,

339 2070 438 2104 quam
460 2055 501 2093 ἐν
520 2060 656 2102 dativo,
684 2058 894 2103 frequentior
918 2063 970 2092 est
993 2057 1082 2102 apud
1105 2068 1164 2090 eos
1187 2067 1277 2092 usus.
1309 2057 1403 2090 vides
1427 2057 1543 2102 itaque
1566 2055 1619 2098 εἰς
1642 2055 1709 2098 τοὶς
1729 2057 1791 2093 τό·

338 2116 405 2145 σας
426 2105 492 2138 τοῦ
512 2103 647 2148 μηνός,
671 2104 716 2137 ad
740 2103 876 2137 verbum
899 2103 947 2137 ad
969 2107 1019 2137 tot
1041 2103 1163 2136 mensis
1187 2103 1278 2144 dies,
1303 2102 1406 2136 scribi
1430 2103 1503 2137 vice
1525 2103 1592 2138 talu·
1617 2104 1675 2139 die
1697 2115 1789 2139 men-

341 2152 402 2242 εἱέί.
429 2149 638 2194 subiungitur
669 2144 710 2183 ἐν
743 2145 881 2196 ἦμέρᾳτ
904 2152 942 2182 tu
971 2148 1091 2193 supple
1114 2147 1178 2192 τῆς
1208 2141 1415 2193 ἑβδομάδος
1443 2145 1591 2196 πρώτῃ,
1622 2146 1790 2199 δευτέρᾳ,

340 2209 361 2232 τ
401 2208 458 2241 τῃ.

432 2252 480 2287 ib.
503 2262 538 2286 v.
553 2252 607 2286 22.
639 2247 799 2294 συνόδῳ]
823 2260 890 2283 non
912 2248 1007 2283 unius
1039 2247 1233 2294 provinciae
1264 2249 1424 2285 collectos
1452 2250 1630 2297 episcopos
1664 2263 1790 2298 omnes,

345 2297 399 2331 vel
422 2308 464 2331 ex
490 2295 670 2342 provinciis
691 2296 839 2330 omnibus
862 2294 1071 2340 patriarchae
1095 2294 1255 2328 subiectis
1278 2295 1450 2340 praesules
1473 2297 1618 2343 aliquot,
1651 2297 1694 2332 de
1715 2309 1790 2332 mo·

342 2343 437 2377 ribus
456 2343 512 2377 vel
534 2341 698 2376 ecclesiae
720 2340 788 2374 fide
815 2340 1065 2384 disquis-ituros,
1092 2338 1253 2374 σύνοδον
1285 2340 1341 2375 hic
1374 2342 1487 2377 vocari
1520 2343 1704 2384 existimes,
1729 2343 1789 2377 sed

345 2389 400 2422 vel
421 2388 545 2423 clerum
570 2387 648 2430 GP,
666 2386 728 2427 ‚vel
750 2397 824 2420 cnm
849 2399 888 2420 eo
913 2386 1083 2431 praesules
1108 2386 1164 2431 qui
1188 2386 1279 2421 forte
1302 2387 1361 2421 ΟΡ
1386 2393 1574 2423 versantur.
1599 2389 1678 2423 vide
1703 2389 1790 2424 luris

345 2434 414 2467 GR
440 2435 462 2468 l.
487 2434 510 2469 3
534 2438 569 2467 et
592 2433 615 2467 4
637 2432 807 2467 continere
829 2427 1024 2470 συνοδικοὶς
1044 2427 1259 2476 ἀποφάσεις,
1278 2432 1341 2466 hoc
1363 2438 1415 2467 est
1436 2429 1689 2478 ἄρχιερατικᾶς
1708 2434 1788 2468 δια-

343 2476 481 2522 τάξεις,
504 2479 696 2523 pontificias
720 2478 969 2511 constitutiones
991 2476 1146 2521 privatim
1169 2488 1189 2510 a
1213 2477 1410 2522 patriarchis
1433 2479 1562 2522 editas,
1591 2479 1645 2513 cui
1668 2479 1791 2525 privati

344 2530 475 2558 tantum
500 2524 665 2570 paucique
689 2523 836 2569 episcopi
862 2522 1033 2557 consilium
1062 2522 1194 2557 dedisse
1217 2529 1450 2558 memorantur.
1485 2525 1560 2558 hinc
1585 2520 1792 2569 ἐνδημοῦσα

346 2566 429 2611 {eoo}
449 2568 604 2610 σύνοδος
621 2570 852 2615 peregrinam
874 2573 906 2602 et
924 2569 1056 2602 incerta
1078 2569 1246 2612 synodus,
1285 2575 1321 2603 et
1351 2569 1417 2613 τῆς
1438 2565 1662 2614 ἐνδημούσης
1692 2582 1791 2614 τηνι·-

343 2615 462 2650 ναῦτα
491 2614 823 2659 συναθροισθείσης
851 2612 1011 2648 συνόδου
1042 2611 1256 2657 συνέδριον,
1292 2617 1496 2651 occurrentis
1528 2620 1562 2652 et
1595 2616 1643 2651 ml
1674 2615 1792 2651 urbem

343 2661 455 2706 (sorte
475 2661 634 2706 fortuito)
657 2661 778 2706 synodi
805 2660 1005 2704 concilium,
1028 2658 1176 2694 eiusdem
1199 2660 1310 2705 operis
1332 2671 1366 2706 p.
1388 2661 1467 2696 271.

457 2745 493 2781 p.
525 2734 578 2774 88
603 2745 638 2770 v.
659 2733 714 2772 2⁴
733 2727 965 2781 Thomaites]
1001 2741 1176 2779 magnum
1197 2731 1290 2768 sacri
1310 2729 1437 2782 palatii
1464 2728 1680 2779 triclinium,
1706 2735 1750 2768 ut
1769 2744 1794 2770 a

345 2786 493 2825 Zonara
519 2788 557 2825 in
590 2788 742 2838 imperio
770 2788 893 2826 Irenes
922 2786 1149 2837 nominatur,
1192 2787 1294 2835 quod
1322 2785 1391 2823 sub
1415 2786 1543 2823 eadem
1561 2785 1792 2837 imperatrice

342 2845 603 2894 conflagravit3
643 2857 790 2894 unaque
810 2846 969 2883 cremata
989 2855 1071 2880 esse
1095 2843 1261 2881 seruntur
1288 2855 1332 2880 eo
1360 2842 1397 2880 in
1427 2841 1507 2881 loco
1531 2843 1792 2882 commentaria
1863 2889 1864 2892 Ἴ
