1864 3164
265 172 362 222 424

307 282 429 317 coloris
453 292 527 317 cum
556 293 601 318 ss.
633 281 786 317 crucibus
813 294 855 317 ex
877 294 969 317 mar-

307 328 425 372 garitis
453 328 515 371 14,
551 330 608 365 21.
641 329 839 372 logothetae
870 340 966 363 aera-

307 374 350 408 rii
378 373 475 408 albus
505 385 579 408 cum
609 374 789 417 margelliis
818 375 882 416 20,
914 374 966 410 15.

308 424 343 454 et
363 419 515 454 clavatus
537 420 649 463 magni
671 419 844 453 domestici
862 422 915 464 17,
934 422 966 455 8.

263 466 439 511 pincerna,
477 466 624 499 officium
656 465 700 499 14
727 465 910 510 palatinum
934 469 968 510 9,

307 513 361 546 11.
398 515 595 545 ornamenta
633 511 698 553 20,
734 511 766 547 3.
805 511 970 546 ministrat

307 567 442 591 mensae
465 557 533 597 55,
557 555 612 590 14.
647 560 744 590 extra
776 558 890 590 urbem
915 557 969 590 fe-

307 603 405 636 rebat
427 602 470 635 de
492 601 644 635 catenula
665 601 819 646 poculum
836 614 897 647 pro
912 614 969 636 re-

306 648 444 693 pentina
476 646 556 692 imp.
588 646 642 680 siti
672 648 739 687 58,
775 649 826 683 16.
854 659 875 682 a
908 648 970 683 mi-

305 693 427 727 scendo
467 693 601 726 Graece
636 692 747 727 dictus
790 694 873 727 ibid.
915 694 969 730 14.

306 738 463 772 scribitur
491 735 666 782 πικὲρνης
698 743 734 773 et
765 734 970 784 ἐπικέρνης,

306 783 366 818 sed
389 783 587 817 coniunctim
613 783 688 820 184.

262 830 459 864 Pisanorum
491 830 606 863 consul
634 829 677 863 ad
707 840 853 864 mensam
883 829 971 865 bene

306 875 385 919 imp.
406 879 572 920 precatur·
587 875 651 917 57,
677 878 709 911 1.

260 920 403 966 pittacia
425 925 503 955 snnt
525 920 644 954 brevia
678 920 753 956 133.
790 930 831 953 ea
855 930 876 952 a
898 918 970 952 Do-

307 967 400 1000 ribus
449 971 526 1000 orta
548 966 631 1000 ibid.
666 965 708 999 iis
751 965 969 999 conficiendis

261 1017 513 1102 ροξιξῧιοῗέἱξεξ
516 1016 724 1091 111)ξὲἓέἒὲ
725 1012 886 1101 8εέξέἔᾶρί
907 1055 970 1090 sti-

307 1102 456 1137 charium
496 1105 574 1138 166.
617 1103 739 1148 pocula
780 1102 970 1135 fluminibus

305 1150 482 1191 innatant,
513 1152 552 1182 ut
573 1160 615 1182 ex
644 1153 789 1193 utroque
816 1148 971 1181 hauriant

307 1195 494 1228 doctrinam
524 1198 725 1228 testamento
750 1194 835 1228 ibid.
867 1193 970 1227 simile

262 1240 460 1329 1202&ss
477 1239 922 1328 {izizsztffitssissii’i}

261 1330 515 1375 polychronium
540 1334 695 1364 cantores
709 1330 790 1373 imp.
814 1329 972 1363 accinunt

306 1377 372 1416 44,
397 1377 450 1411 19.
471 1380 540 1409 tum
558 1376 770 1409 canonarcha
787 1379 971 1420 praeeunte

306 1422 490 1455 acclamant
505 1422 759 1454 circumstantes
774 1422 831 1462 46,
853 1422 875 1455 5
885 1421 969 1454 0—9.

306 1468 431 1500 iterum
457 1471 638 1512 conspecto
662 1467 740 1511 imp.
764 1466 799 1499 in
821 1466 970 1499 oratorio

306 1517 360 1547 ter
382 1512 537 1546 recinunt
560 1513 623 1554 52,
649 1514 695 1547 20
717 1523 792 1556 sqq.
825 1511 903 1545 item
928 1510 971 1545 ad

307 1569 445 1592 coenam
471 1559 536 1602 57,
565 1559 616 1594 15.
638 1557 786 1591 eiusdem
808 1559 972 1602 perpetua

307 1604 351 1637 ad
374 1614 516 1638 mensam
531 1603 689 1648 repetitio
705 1614 892 1648 procerum,
907 1602 970 1636 mi-

305 1650 421 1688 litum,
459 1650 764 1692 Anconitanorum,
810 1649 971 1682 Genuen-

307 1696 412 1735 sium,
453 1694 650 1728 Pisanorum
688 1699 722 1728 et
761 1694 971 1739 imperatoris

306 1739 480 1785 reciproca
511 1739 575 1780 55,
610 1740 652 1777 15
682 1751 752 1784 sqq.
786 1740 970 1784 polychro-

307 1785 396 1819 nium
420 1785 452 1818 in
475 1784 708 1819 benedictione
732 1792 786 1818 ter
809 1785 970 1819 clamatur

306 1833 375 1872 79,
405 1831 437 1865 5.
474 1833 528 1867 10.
563 1833 619 1866 13.
655 1831 786 1864 sedenti
816 1831 896 1875 imp.
935 1830 968 1863 in

307 1882 401 1910 scuto
424 1876 490 1918 89,
519 1877 548 1912 1.
572 1879 650 1921 post
682 1876 787 1910 thuris
818 1876 970 1910 suffitum

306 1922 369 1962 95,
403 1920 435 1954 5.
469 1926 545 1965 post
570 1932 598 1954 s.
643 1921 902 1955 communionem
935 1921 970 1954 in

306 1966 491 1999 anabathra
527 1966 722 1999 sedentibus
755 1966 969 2012 imperatori-

305 2012 369 2043 bus
379 2013 434 2051 97,
445 2011 479 2045 5.
497 2015 551 2044 ter
566 2011 731 2056 repetitur
745 2012 779 2045 in
797 2012 968 2045 creatione

305 2056 467 2099 despotae
482 2059 558 2097 100,
578 2058 611 2091 7.
627 2059 678 2092 11.
695 2058 748 2091 20.
765 2057 798 2090 in
812 2057 968 2100 designa-

306 2101 400 2134 tione
423 2100 634 2144 patriarchae
668 2105 722 2134 ter
751 2101 864 2135 itidem
890 2102 967 2141 103,

305 2147 340 2181 7.
363 2146 420 2179 21.
449 2146 533 2186 104,
559 2146 592 2179 3.
630 2146 883 2189 polychronium
909 2156 967 2178 ac-

309 2191 455 2224 clamare
478 2190 677 2235 patriarchis
701 2196 735 2223 et
752 2191 856 2235 impp.
881 2194 968 2223 tem-

307 2236 396 2281 plum
425 2236 586 2279 ingressis
617 2236 722 2280 prima
755 2235 884 2268 functio
916 2239 969 2269 est

307 2281 405 2327 primi
428 2281 639 2314 diaconorum
665 2281 741 2315 150.
774 2281 840 2314 alia
872 2281 969 2314 huius

258 2332 262 2336 “
308 2327 360 2360 rei
383 2326 559 2371 explicatio
587 2326 662 2361 151.
686 2330 720 2359 et
741 2326 776 2359 in
800 2326 968 2370 publicum

310 2371 490 2417 prodeunti
514 2370 727 2416 patriarchae
751 2371 783 2405 id
803 2372 968 2405 acclama-

309 2419 392 2452 bant
422 2417 595 2450 domestici
627 2417 867 2462 patriarchales
890 2418 967 2452 163.

310 2474 332 2496 a
366 2462 535 2496 Graeculo
570 2462 641 2496 sine
675 2462 891 2508 polychronio
923 2462 969 2496 nil

310 2509 511 2553 impetratur
533 2508 612 2542 232.
631 2509 715 2543 278.

265 2553 497 2598 polystaurion
515 2553 726 2598 patriarchae
744 2553 968 2588 indumentum

265 2654 363 2689 poma
386 2654 520 2678 mensae
541 2643 620 2688 imp.
643 2643 778 2678 invecta
805 2643 968 2678 vehiculis

264 2733 456 2779 pontificum
473 2744 640 2767 sacrorum
655 2734 816 2778 imagines
829 2745 968 2779 reprae-

309 2783 482 2812 sentantur
504 2779 671 2813 ssammulo
695 2780 759 2821 48,
785 2783 815 2815 1.
837 2781 872 2815 2.
890 2779 967 2814 283.

309 2824 504 2869 pontificum
527 2825 639 2858 bullae
659 2826 746 2859 unde
761 2825 872 2863 dictae
890 2824 968 2862 256.

849 175 1125 220 GRETSERI

1010 283 1144 317 Pontus
1181 280 1337 317 Euxinus
1375 282 1486 318 dictus
1517 283 1717 320 Mam-otha·-

1055 328 1143 362 lassa
1163 328 1239 363 239.

1011 374 1155 419 populus
1178 372 1361 408 antidotum
1385 373 1485 408 sumit
1507 385 1568 410 seu
1597 386 1717 421 panem

1058 419 1303 453 sanctificatum
1334 419 1399 462 96,
1432 421 1487 456 17.
1517 433 1560 455 ex
1588 433 1629 455 eo
1659 433 1716 455 su-

1057 466 1170 500 mebat
1189 465 1285 498 finita
1307 464 1443 508 liturgia
1473 465 1719 501 benedictionis

1057 511 1167 554 gratia
1182 512 1259 545 288.
1277 510 1308 544 ei
1324 517 1400 555 post
1414 516 1576 556 sumptam
1591 513 1719 547 sancti-

1056 557 1247 590 ficationem
1277 566 1338 590 seu
1367 557 1556 591 antidotum
1586 559 1719 603 episco-

1057 613 1122 647 pus
1145 603 1231 636 bene
1261 606 1420 647 precatur
1450 604 1530 639 365.
1563 603 1719 648 hymnum

1058 648 1218 693 deiparae
1267 647 1464 682 acathistum
1509 652 1583 683 tota
1619 654 1719 683 nocte

1058 699 1151 728 stans
1176 692 1265 727 canit
1294 693 1339 727 ob
1371 694 1487 728 urbem
1518 693 1623 739 ipsius
1653 706 1720 741 ope

1058 744 1112 772 ter
1134 743 1301 773 servatam
1322 739 1409 782 323,
1431 741 1466 774 6.
1481 740 1629 785 pullatus
1645 752 1719 775 cum

1058 784 1134 829 imp.
1155 785 1250 827 luget
1273 786 1356 828 106,
1384 787 1437 820 12.

1014 842 1138 876 porcus
1160 841 1265 864 coeno
1289 830 1412 864 oblitus
1434 830 1468 864 in
1498 831 1638 865 medium
1661 843 1719 866 sa-

1060 887 1136 910 cros
1160 877 1299 920 hymnos
1322 875 1507 918 canentium
1531 887 1650 921 agmen
1665 878 1718 911 in-

1058 922 1170 955 siliens
1194 923 1329 955 futurae
1349 921 1551 956 confusionis
1568 927 1604 957 et
1619 924 1721 958 facti-

1059 967 1134 1001 onis
1154 966 1252 1001 triste
1273 977 1372 1000 omen
1390 967 1469 1002 340.

1012 1013 1192 1058 Porphyra
1236 1012 1394 1059 palatium
1433 1024 1454 1047 a
1497 1013 1719 1048 Constantino

1059 1063 1221 1093 structum
1243 1058 1505 1104 parturientibus
1527 1059 1719 1103 imperatri-

1059 1104 1152 1138 cibus
1167 1104 1245 1140 302.
1267 1103 1542 1148 porphyrogeniti
1560 1104 1720 1140 diceban-

1058 1154 1114 1183 tur
1136 1149 1170 1182 in
1194 1161 1234 1183 eo
1257 1149 1329 1183 nati
1353 1150 1438 1184 ibid.

1014 1196 1058 1230 ad
1083 1194 1352 1240 porphyreticam
1375 1195 1559 1230 columnam
1581 1196 1622 1230 fit
1641 1195 1721 1231 lita-

1060 1242 1117 1274 nia
1140 1245 1175 1274 et
1197 1240 1344 1274 divinum
1370 1241 1540 1284 officium,
1565 1242 1617 1275 cui
1641 1242 1721 1287 imp.

1059 1285 1202 1319 interest
1225 1287 1291 1327 79,
1317 1287 1373 1321 21.
1399 1298 1418 1320 e
1442 1286 1582 1330 regione
1604 1288 1718 1334 hospi-

1059 1334 1176 1365 tantur
1198 1335 1351 1365 oratores
1377 1331 1536 1365 Caesarei
1561 1334 1641 1368 339.

1014 1376 1048 1410 in
1082 1375 1256 1421 postilenis
1293 1381 1329 1410 et
1367 1376 1524 1412 antilenis
1557 1380 1719 1423 equorum

1059 1422 1201 1466 parvula
1223 1421 1392 1456 flammula
1412 1423 1492 1458 227.

1015 1466 1236 1513 postponendi
1258 1471 1295 1500 et
1317 1467 1543 1512 anteponendi
1564 1467 1618 1503 ius
1638 1469 1718 1514 imp.

1059 1515 1099 1554 8,
1137 1516 1190 1548 11.
1223 1512 1312 1546 idem
1353 1513 1498 1548 tentavit
1529 1514 1720 1560 patriarcha

1061 1559 1136 1594 144.
1161 1559 1237 1594 162.

1013 1603 1179 1650 praefecti
1223 1602 1396 1647 regionum
1433 1603 1467 1638 in
1506 1605 1722 1649 Augusteone

1059 1649 1201 1682 choreas
1218 1649 1253 1682 ia
1285 1649 1446 1683 honorem
1478 1649 1582 1696 impp.
1616 1651 1721 1685 duce-

1059 1695 1142 1728 bant
1163 1694 1241 1729 355.

1018 1740 1213 1785 praefectus
1246 1739 1372 1784 alogii,
1409 1740 1504 1775 offic.
1539 1740 1584 1775 53
1613 1739 1718 1786 palat.

1061 1787 1124 1829 11,
1151 1787 1202 1819 12.
1229 1785 1371 1829 insignia
1393 1787 1459 1829 25,
1486 1787 1539 1822 17.
1560 1785 1594 1820 in
1610 1791 1721 1820 turma

1057 1830 1274 1874 imperatoria
1300 1832 1417 1864 subest
1450 1842 1571 1875 magno
1603 1832 1720 1876 primi-

1059 1877 1148 1910 cerio
1171 1877 1237 1917 40,
1264 1877 1315 1911 19.
1348 1882 1400 1910 est
1431 1879 1622 1922 praefectus
1656 1888 1719 1922 ge-

1059 1922 1182 1955 neralis
1197 1922 1364 1965 equitum3
1380 1933 1420 1956 eo
1435 1922 1542 1957 maior
1557 1927 1610 1957 est
1626 1924 1720 1967 prin-

1058 1978 1139 2011 ceps
1163 1967 1310 2011 equitum
1333 1969 1412 2002 200.

1013 2014 1202 2056 praefectus
1218 2012 1419 2046 antimensiis
1433 2012 1615 2046 introducit
1625 2023 1716 2046 com-

1056 2057 1261 2090 municantes
1284 2057 1326 2097 5,
1356 2059 1411 2093 18.
1438 2057 1512 2092 148.
1538 2057 1639 2091 habet
1657 2068 1716 2091 cu-

1057 2111 1127 2134 ram
1169 2101 1438 2135 antimensiorum
1480 2103 1524 2136 ab
1557 2102 1716 2148 episcopo

1057 2150 1323 2179 consecratorum
1356 2152 1391 2180 et
1421 2147 1577 2181 altarium
1599 2152 1718 2193 porta-

1056 2191 1160 2224 tilium
1184 2191 1257 2224 loco
1281 2191 1504 2226 adhibitorum
1529 2192 1608 2228 146.

1011 2236 1207 2282 praefectus
1238 2237 1383 2270 canistro
1417 2241 1452 2272 et
1482 2238 1632 2273 vestibus
1654 2249 1718 2284 pa—

1058 2281 1290 2315 triarchalibus
1314 2283 1478 2317 mutandis
1505 2287 1559 2317 est
1590 2284 1716 2318 vestia-

1056 2327 1125 2360 rius
1140 2327 1404 2372 ecclesiasticus,
1430 2328 1483 2362 cui
1499 2328 1631 2363 adiutor
1645 2329 1717 2364 hie-

1057 2383 1250 2406 romnemon
1276 2374 1352 2408 136.

1013 2419 1208 2463 praefectus
1231 2419 1388 2453 contaciis
1410 2418 1546 2453 inchoat
1563 2418 1718 2454 contacia

1013 2509 1205 2553 praefectus
1231 2508 1375 2543 cubiculi
1397 2519 1458 2542 seu
1487 2508 1717 2551 cubicularius,

1058 2553 1150 2587 offic.
1185 2555 1227 2589 17
1247 2554 1383 2599 palatin.
1414 2555 1458 2595 9,
1492 2554 1547 2590 14.
1574 2554 1718 2598 insignia

1059 2600 1123 2642 20,
1150 2602 1202 2634 11.
1227 2605 1279 2634 est
1310 2603 1412 2644 caput
1439 2599 1718 2634 cubiculariorum

1058 2648 1095 2676 et
1116 2645 1215 2677 habet
1244 2645 1304 2678 sub
1336 2656 1373 2678 se
1405 2645 1592 2690 praesidem
1624 2645 1719 2678 cubi-

1059 2689 1143 2732 culi;
1168 2690 1236 2723 fert
1259 2691 1357 2723 etiam
1380 2690 1460 2735 imp.
1485 2690 1638 2734 spatham
1660 2690 1718 2732 34,

1059 2736 1111 2768 11.
1141 2735 1214 2769 186.
1240 2737 1317 2770 191.
1567 2758 1570 2760 -

1012 2779 1205 2824 praefectus
1228 2779 1379 2814 ecclesiis
1405 2783 1458 2815 est
1487 2779 1599 2815 socius
1620 2779 1718 2826 parvi

1058 2824 1227 2860 sacellarii
1251 2825 1328 2860 144.
