1864 3164
324 165 422 211 300
530 162 805 209 GRETSERI
825 162 897 205 ET
916 159 1089 206 GOARI
1111 158 1548 214 COMMENTARIUS

320 276 388 314 bat
401 303 413 327 ,
441 287 622 326 quemque
643 278 776 327 postea
807 271 977 322 religiose
1001 268 1249 322 particulatim
1274 268 1536 319 comedebant,
1560 267 1683 320 venit,
1697 268 1766 313 in-

320 345 450 382 quam,
479 335 661 383 panagiae
680 341 826 369 nomen.
883 327 1027 366 transiit
1045 330 1170 366 autem
1195 326 1355 378 panagia
1381 325 1491 364 etiam
1517 326 1566 363 ad
1585 326 1768 377 posterio-

319 401 378 426 res
409 389 582 427 Graecos,

407 442 472 476 Dei
504 439 720 485 genitricem,
757 449 820 473 ceu
854 448 897 472 ex
922 436 1011 471 omni
1038 439 1135 482 parte
1168 439 1317 470 sanctam
1350 438 1385 469 et
1406 437 1599 470 sanctorum
1625 432 1766 467 omnium

321 487 578 528 sanctissimam,
621 482 936 528 α’ντονομαστικῶς
974 482 1121 516 Graecia
1153 481 1338 525 παναγίαν
1371 491 1414 514 ex
1445 491 1540 513 more
1580 483 1762 523 nuncupat.

316 533 497 567 buccellam
522 542 656 577 quoque
681 530 776 576 panis
799 534 891 563 certo
915 528 985 562 ritu
1007 525 1042 561 in
1065 538 1197 562 mensae
1219 526 1287 560 fine
1314 525 1549 560 comedendam
1569 525 1684 558 eodem
1703 535 1768 558 no-

317 578 403 613 mine
434 577 620 622 παναγίαν
652 576 840 620 religiosior
862 578 966 608 vocat
991 583 1088 608 usus=
1120 584 1182 607 vas
1205 577 1314 606 autem
1337 571 1371 605 in
1394 582 1461 616 quo
1485 569 1679 604 reconditur
1711 569 1767 603 vel

318 635 340 657 e
370 635 436 668 quo
469 624 631 668 promitur
662 621 757 667 panis
786 618 992 664 huiusmodi,
1023 614 1283 663 παναγιᾶριον.
1314 616 1498 661 imperator
1515 615 1551 650 iu
1571 615 1670 658 aula,
1695 626 1769 649 mo-

319 669 419 703 nachi
442 669 475 703 in
498 668 731 710 monasteriis,
754 667 873 710 vulgus
904 665 938 699 in
970 664 1118 699 ecclesiis
1147 663 1198 697 vel
1221 663 1255 696 in
1282 662 1434 696 domibus
1455 661 1556 696 ritum
1579 661 1666 695 hunc
1688 671 1769 706 per-

323 714 461 749 ficiunt:
496 726 562 760 qua
583 713 714 748 ratione
738 712 873 758 expleat
900 710 1099 756 imperator,
1127 711 1364 743 commonstrat
1381 711 1499 742 auctor
1523 710 1638 741 noster
1658 705 1692 740 in
1713 717 1770 740 se-

322 759 526 804 quentibus,
559 760 738 794 monachos
766 769 808 792 ea
837 768 874 791 se
903 756 1082 790 devotione
1111 758 1308 789 exercentes
1339 752 1500 787 describit
1530 751 1770 786 eruditissimus

321 806 465 840 Allatius
495 806 538 839 de
569 805 627 839 lib.
662 804 757 838 Eccl.
784 805 932 838 Graece.
959 802 1126 836 dissertat.
1159 803 1177 836 1
1202 800 1252 834 his
1275 798 1390 834 verbis
1417 798 1515 843 “quis
1545 797 1591 832 sit
1612 798 1770 831 Graeco—

321 862 398 885 rum
429 852 495 885 iste
525 851 610 885 ritus
640 849 756 895 paucis
785 848 980 894 expediam,
1013 851 1051 882 ut
1080 847 1136 891 qui
1162 850 1214 880 tot
1236 856 1342 889 nugas
1363 844 1399 880 iu
1421 843 1563 878 medium
1584 843 1772 889 proferunt,

322 896 389 930 iam
408 897 559 931 desinant
580 896 734 942 ineptire.
768 899 946 939 antequam
975 891 1127 928 monachi
1157 892 1192 926 in
1222 901 1368 925 mensam
1401 889 1607 935 procedant,
1639 887 1710 934 (cui
1735 887 1772 921 id

323 953 410 975 onus
430 941 610 984 incumbit,
640 941 690 975 illi
712 937 910 985 ἐφημέριον
936 938 1073 982 vocant)
1105 937 1137 971 in
1172 936 1265 970 disco
1287 936 1360 969 sive
1393 935 1533 969 scutella
1554 933 1619 978 (illi
1646 943 1773 967 nuncu·

322 992 405 1033 pant
431 985 695 1032 παναγιοὶριον)
731 990 904 1031 acceptum
938 995 1057 1030 panem
1087 983 1129 1017 ad
1152 981 1259 1016 instar
1284 979 1392 1015 crucis
1415 979 1451 1014 in
1473 985 1633 1025 quattuor
1653 978 1775 1012 dividit

322 1038 438 1079 partes
461 1034 643 1078 aequales,
668 1044 711 1066 ex
735 1032 858 1076 angulo
889 1029 1039 1064 interiori
1071 1028 1166 1074 panis
1195 1026 1361 1062 abscindit
1392 1026 1534 1060 frustum
1563 1025 1670 1059 cultro
1705 1023 1775 1058 cir-

324 1079 487 1118 cumiens,
513 1079 596 1113 adeo
622 1082 662 1112 ut
683 1090 726 1112 ex
747 1089 815 1112 una
837 1079 934 1121 parte
957 1074 1070 1119 anguli
1102 1073 1307 1107 acuminatus
1329 1072 1395 1114 sit,
1423 1083 1465 1105 ex
1487 1071 1596 1106 altero
1620 1068 1775 1104 circulari

322 1125 434 1168 figura
458 1124 612 1168 trigonus
634 1123 851 1168 imperfectus
882 1125 1066 1167 appareat3
1097 1123 1133 1153 et
1162 1118 1211 1152 sic
1242 1117 1388 1152 excisum
1419 1124 1480 1151 su'o
1506 1116 1583 1150 loco
1612 1126 1678 1149 una
1699 1125 1774 1149 cum

321 1169 451 1213 reliquo
483 1180 570 1214 pane
603 1169 700 1203 simul
730 1167 823 1202 unito
856 1165 1026 1211 relinquit.
1067 1175 1187 1209 panem
1210 1163 1259 1198 sic
1285 1161 1567 1197 accommodatum
1589 1161 1655 1195 alia
1678 1165 1776 1207 parte

323 1214 406 1248 disci
430 1215 594 1259 cooperit.
615 1216 665 1248 ita
688 1214 774 1248 enim
796 1212 908 1246 discus
930 1212 986 1245 ille
1009 1214 1222 1256 comparatur
1252 1208 1388 1242 cardine
1419 1212 1463 1241 ex'
1485 1217 1551 1241 una
1581 1211 1680 1252 parte
1701 1217 1776 1240 cnm

321 1260 506 1304 superioris
530 1259 638 1304 partis
661 1259 758 1293 oculo
791 1258 990 1300 colligatus,
1023 1259 1062 1289 ut
1085 1255 1182 1289 modo
1207 1264 1382 1299 capsarum
1405 1253 1616 1296 includatur,
1639 1251 1690 1286 sin
1714 1251 1777 1285 mi-

321 1315 384 1339 nus
405 1306 492 1339 velo.
517 1310 552 1338 et
567 1305 616 1338 sic
640 1303 782 1349 apponit
813 1303 848 1336 in
870 1313 1004 1345 mensa,
1031 1301 1065 1334 in
1089 1311 1156 1346 qua
1178 1300 1272 1334 solus
1296 1299 1401 1333 abbas
1433 1298 1491 1332 vel
1519 1307 1776 1343 prcegumenus,
1828 1304 1830 1306 '

320 1351 379 1394 qui
402 1351 529 1385 scilicet
551 1349 684 1384 abbatis
707 1359 844 1383 munere
867 1351 967 1381 antea
994 1346 1172 1379 defunctus
1194 1345 1325 1387 fuerat,
1358 1346 1413 1377 vel
1435 1343 1494 1388 qui
1525 1342 1678 1384 abbatis,
1699 1342 1777 1376 dum

319 1396 378 1430 ille
402 1397 518 1438 abest,
542 1395 651 1429 locum
673 1398 792 1436 tenet,
833 1397 869 1427 et
891 1392 1039 1426 ὃικαῖον
1063 1390 1257 1436 appellant,
1290 1388 1426 1423 assidet.
1451 1387 1546 1422 finito
1592 1387 1710 1422 randio
1741 1391 1778 1422 et

319 1441 417 1485 signo
441 1442 520 1475 dato
544 1440 578 1474 in
608 1439 719 1474 contio
752 1438 820 1482 (ita
849 1437 916 1482 ipsi
950 1441 1073 1470 vocant
1103 1434 1332 1479 campanulum
1363 1445 1407 1468 ex
1438 1444 1517 1468 aere
1538 1433 1573 1467 fa
1597 1433 1777 1477 refectam)

320 1497 435 1520 omnes
459 1489 653 1530 assurgunt,
677 1489 713 1519 et
736 1483 908 1528 conceptis
931 1481 1088 1527 precibus
1119 1481 1244 1514 discum
1265 1479 1359 1513 illum
1381 1489 1454 1512 cum
1478 1489 1579 1532 pane,
1603 1478 1660 1523 qui
1682 1489 1776 1513 παν-

321 1531 409 1575 αγίοι
431 1536 504 1574 est,
527 1529 737 1576 ephemeriu‘s
760 1528 919 1563 sustollit.
957 1527 1167 1573 postmodum
1189 1529 1341 1559 reserato
1364 1523 1582 1569 panagium,
1607 1527 1644 1558 et
1663 1524 1777 1558 frusto

321 1578 379 1611 illo
404 1589 423 1611 e
446 1589 533 1623 pane
556 1576 668 1611 exciso
692 1585 856 1609 converso
880 1576 918 1607 ut
940 1573 1025 1607 mica
1048 1572 1138 1606 nuda
1159 1570 1312 1616 superior
1333 1570 1397 1610 sit,
1434 1572 1628 1615 praesentat
1649 1568 1779 1611 abbati,

321 1623 380 1668 qui
413 1622 570 1657 extremis
602 1621 718 1666 digitis
748 1620 900 1655 miculam
937 1618 1055 1663 arripit
1088 1622 1123 1652 et
1159 1616 1210 1650 ori
1240 1615 1430 1661 impositam
1460 1614 1625 1658 absumm
1656 1614 1779 1650 deinde

321 1669 400 1703 aliis
422 1668 591 1702 monachis
613 1672 749 1701 servato
773 1665 891 1699 ordine
914 1664 1077 1705 offertur,
1101 1662 1158 1708 qui
1182 1661 1297 1696 eodem
1323 1661 1421 1695 modo
1446 1659 1599 1695 miculam
1615 1672 1657 1695 ex
1672 1670 1777 1706 pana-

323 1713 432 1758 giario
456 1715 611 1748 auferunt
634 1717 669 1746 et
692 1711 878 1746 comedunt.
901 1714 972 1744 tum
995 1710 1101 1745 abbas
1124 1707 1235 1741 vinum
1259 1706 1354 1740 calici
1383 1706 1530 1740 infusum
1554 1705 1658 1749 bibit,
1680 1716 1779 1751 quem

323 1770 441 1793 omnes
464 1763 670 1804 sequuntur3
695 1762 728 1791 et
752 1756 871 1801 gratiis
895 1755 958 1789 deo
986 1754 1071 1790 actis
1094 1753 1282 1787 discedunt·
1315 1756 1351 1787 et
1374 1751 1428 1785 hic
1461 1754 1513 1785 est
1542 1751 1659 1786 modus
1682 1750 1779 1799 eiral-

325 1805 419 1839 tandi
442 1804 641 1850 panagiam,
669 1802 823 1849 quamvis
847 1800 903 1835 alii
927 1800 990 1835 alio
1020 1810 1156 1844 quoque
1178 1798 1275 1832 modo
1309 1801 1525 1844 praeparent.
1560 1807 1636 1831 nam
1659 1806 1780 1831 saecu-

326 1851 419 1885 lares
442 1861 516 1884 cum
539 1848 678 1883 solemni
701 1847 858 1882 convivio
882 1846 975 1881 cives
1009 1845 1082 1879 exci
1107 1845 1198 1886 iunt,
1233 1848 1310 1888 post
1342 1853 1507 1883 mensam,
1538 1841 1573 1877 in
1606 1841 1780 1876 dexteram

328 1895 584 1934 adolescentuli,
618 1906 661 1928 ex
692 1894 783 1927 clero
815 1898 947 1935 tamen,
983 1857 1152 1936 paulul'um
1190 1893 1395 1922 contractam
1428 1893 1463 1920 et
1495 1885 1594 1920 volae
1623 1887 1781 1921 sinistrae

327 1941 515 1976 impositam
540 1952 580 1973 ex
605 1951 691 1984 pane
716 1942 937 1983 praeparant,
971 1941 1005 1970 et
1027 1935 1199 1979 conceptis
1226 1933 1382 1978 precibus
1405 1932 1563 1966 sacerdos
1586 1931 1633 1965 ibi
1665 1936 1780 1965 astans

327 1987 453 2031 primus
477 1985 592 2018 micam
616 1985 757 2029 accipit,
781 1990 899 2027 postea
926 1982 999 2014 aliis
1024 1981 1218 2015 adolescens
1241 1978 1408 2021 suggerit3
1430 1977 1519 2022 quod
1546 1981 1694 2010 remanet
1705 1976 1780 2021 ipse

325 2032 362 2065 in
385 2030 533 2063 manibus
557 2030 695 2062 maxima
722 2039 794 2061 cum
818 2027 1033 2061 veneratione
1064 2023 1265 2059 consumit.“
1296 2023 1380 2056 haec
1410 2022 1485 2063 ille;
1520 2021 1578 2067 qui
1609 2032 1683 2055 cum
1713 2021 1779 2055 alio

326 2086 462 2120 quoque
485 2074 582 2108 modo
606 2073 801 2118 praeparari
824 2071 1034 2111 consentiat,
1068 2080 1165 2114 quem
1197 2068 1268 2112 ipse
1299 2068 1514 2101 observatum
1539 2067 1696 2112 probavi,
1720 2078 1780 2101 ac-

326 2133 366 2155 ce
392 2126 428 2153 ta
452 2119 515 2154 viri
546 2118 734 2153 amicissimi
769 2116 888 2159 venia,
918 2114 1127 2158 subiungam.
1157 2116 1288 2146 remota
1315 2123 1427 2146 mensa
1458 2124 1477 2146 e
1506 2113 1646 2146 fratrum
1680 2116 1781 2147 coetu

328 2178 349 2200 a
381 2166 451 2206 uit,
476 2165 536 2210 qui
560 2164 643 2198 alios
667 2162 871 2208 paenitentia
899 2159 1097 2206 praemissa,
1131 2159 1196 2193 hoc
1218 2163 1269 2192 est
1292 2157 1444 2202 corporis
1465 2157 1696 2192 incurvatione
1717 2169 1782 2192 ve-

328 2215 488 2252 neratus,
520 2209 623 2244 dixit:
658 2205 835 2252 εὐλογεῖτε
865 2203 1017 2249 πατέρες
1048 2204 1169 2249 ἆγιοι,
1201 2200 1455 2248 συγχωρήσατέ
1487 2214 1550 2247 μοι
1580 2203 1636 2247 τῷ
1663 2201 1783 2247 ἆμαρ·

326 2257 444 2303 τωλῷ.
467 2255 594 2289 cunctis
617 2251 637 2289 ὖ
662 2250 754 2293 θεὸς
774 2250 985 2297 συγχωρήσῃ
1011 2249 1308 2295 respondentibus,
1331 2248 1508 2292 imaginem
1533 2249 1566 2284 b.
1589 2248 1727 2293 virginis
1746 2248 1782 2282 in

326 2313 428 2342 muro,
444 2301 586 2347 positam
618 2299 762 2334 adorans
796 2309 836 2332 ac
871 2302 948 2331 ture
979 2295 1220 2340 suffumigans,
1253 2294 1395 2328 vicinum
1429 2293 1566 2339 imagini
1597 2304 1716 2339 panem
1745 2293 1782 2327 in

327 2350 420 2382 disco
441 2346 623 2392 repositum
652 2343 806 2379 extremis
830 2344 942 2377 aufert
975 2342 1089 2386 digitis
1125 2348 1160 2375 et
1193 2341 1227 2374 in
1266 2339 1410 2373 omnium
1443 2345 1623 2384 conspectu
1654 2339 1780 2381 elevat,

328 2394 442 2428 dicens
464 2389 556 2437 μέγα
578 2387 620 2426 td
649 2387 780 2435 ὄνομα.
806 2388 1007 2422 subiunxere
1032 2386 1141 2421 cuncti
1164 2386 1230 2430 τῆς
1253 2382 1360 2429 ἁγίας
1391 2382 1552 2427 τριάδος.
1582 2384 1640 2418 ille
1661 2395 1781 2418 πανα-

329 2439 391 2483 γία
415 2435 590 2481 θεοτόκε,
614 2433 746 2482 βοήθει
768 2430 869 2478 ἡμῖν.
894 2433 1097 2477 respondent
1120 2432 1176 2466 alii
1190 2434 1272 2470 ταῖς
1293 2428 1407 2475 αὐτῆς
1420 2429 1625 2476 πρεσβείαις
1646 2425 1667 2463 ὅ
1691 2425 1782 2468 θεὸς

330 2482 480 2528 ἐλέησον
502 2481 566 2517 καὶ
587 2482 704 2516 σῶσον
725 2477 831 2525 ἡμᾶς.
856 2490 931 2512 mox
955 2478 1107 2511 omnibus
1137 2487 1279 2511 accenso
1311 2481 1385 2510 ture
1411 2475 1578 2520 expiatis,
1600 2471 1780 2518 τραπεζεί-

330 2541 398 2574 ρου
420 2527 637 2574 rescctoraris‘
659 2525 819 2570 obsequio
843 2524 1023 2559 buccellam
1047 2523 1187 2557 divisam
1214 2533 1328 2555 omnes
1351 2532 1605 2565 consumpsere;
1628 2524 1664 2553 et
1687 2529 1782 2554 cotu-

331 2586 431 2610 mune
455 2574 604 2618 poculum
628 2572 785 2617 deiparae
811 2569 941 2604 nomine
963 2569 1172 2603 benedictum
1188 2567 1341 2601 devotius
1359 2567 1555 2602 exhausere.
1577 2565 1664 2599 unde
1680 2563 1782 2599 ritum

333 2622 420 2655 hunc
444 2619 650 2665 processisse
672 2618 843 2652 affirmant
865 2614 1013 2658 Graeci,
1047 2626 1089 2649 ex
1113 2614 1262 2659 ipsorum
1285 2611 1449 2646 sententia
1471 2610 1631 2654 librisque
1653 2609 1782 2644 rettulit

334 2667 540 2699 Gretserusz
574 2675 638 2699 nos
666 2674 785 2708 preces
807 2659 1035 2705 adiungendus
1065 2658 1277 2704 exposuimus
1297 2657 1332 2691 in
1369 2655 1628 2700 Euchologium,
1660 2655 1782 2699 quibus

334 2710 572 2756 expositionem
594 2720 723 2744 omnem
746 2713 781 2742 et
802 2706 976 2751 mysticum
1001 2716 1154 2743 sensum,
1187 2709 1256 2737 tum
1281 2703 1436 2748 precibus
1458 2706 1527 2734 tum
1551 2700 1619 2734 ritu
1645 2701 1782 2735 conclu·

335 2767 428 2799 sum,
451 2755 584 2789 abunde
604 2754 827 2790 subiunximus
850 2763 892 2787 ex
915 2751 1092 2796 Symeonis
1115 2747 1422 2784 Thessalonicensis
1443 2746 1586 2790 scriptis.

448 2817 484 2857 p.
506 2804 559 2845 63
571 2815 606 2843 v.
625 2805 663 2846 8.
692 2800 736 2845 ro*
764 2803 836 2843 τοῦ
865 2800 1059 2853 οἰνοχείου
1091 2797 1203 2852 φέρει
1233 2794 1468 2844 σκουτὲλιον]
1502 2795 1627 2846 inepte
1654 2794 1780 2832 Iunius
