1820 3178
291 171 386 218 172
497 170 772 216 GRETSERI
792 169 864 213 ET
884 169 1060 214 GOARI
1078 168 1517 214 COMMENTARIUS

400 277 504 336 Περὶ
540 283 610 334 τῆς
637 283 716 323 τῶν
740 280 983 325 δεσποτικῶν
1010 277 1160 333 έορτων
1189 276 1335 328 τάξεως
1361 277 1429 320 καὶ
1459 294 1539 320 των
1567 276 1650 322 κατ’
1667 296 1737 322 αυ-

286 335 359 387 τάς
390 336 635 403 τελουμένων
669 338 837 390 ἐθίμων.
851 334 988 407 (addit
1017 336 1068 375 A:
1098 336 1140 377 ἐν
1161 332 1224 384 αἷς
1238 331 1544 388 διαλαμβάνεται
1561 336 1734 390 καὶπερὶ

285 397 360 434 τοῦ
384 390 554 447 μεγάλου
580 395 812 446 δομεστίκου
835 392 1053 445 ὑπηρεσίας
1079 395 1154 432 τοῦ
1179 407 1220 432 τε
1241 391 1430 446 πικέρνη,
1459 394 1534 433 τοῦ
1561 393 1736 447 δομεστί-

288 466 364 491 κου
386 453 457 501 τῆς
482 448 674 502 τραπέζης
698 449 766 490 καὶ
791 451 865 489 τοῦ
888 448 953 489 ἐπὶ
985 447 1205 502 τραπέζης.)

403 505 506 555 Περὶ
529 503 740 559 διαφόρων
764 503 924 572 έορτων.
953 501 1064 558 (περὶ
1097 504 1237 556 ἑτέρων
1265 502 1474 558 διαφόρων
1497 502 1663 556 ἑορτῶν,
1682 503 1737 546 έν

288 559 354 609 αἷς
370 558 600 654 άπέρχετᾷι
637 560 659 604 6
693 558 902 615 βασιλεύς,
939 561 977 602 εἰ
1009 560 1194 614 ἐνδημῶν
1230 563 1283 616 τῇ
1318 556 1739 602 Κωνσταντινουπόλει

287 613 335 659 εὖ
365 617 522 658 ίσκεται.

339 634 361 671 Q
402 671 502 726 Περὶ
531 676 604 724 τῆς
631 671 674 713 έν
703 667 901 726 φωσσάτῳ
926 668 1016 723 ἤτοι
1045 673 1195 725 στρατῷ
1219 669 1450 725 ὖπηρεσίας.
1492 670 1556 724 (ἒν
1575 673 1634 727 τῷ
1651 687 1740 723 φω-

288 725 395 784 σάτῳ
427 731 502 769 τοῦ
532 728 702 781 μεγάλου
726 729 958 780 δομεστίκου
981 725 1198 779 1ὑπηρεσίας
1222 731 1294 768 τοῦ
1318 743 1358 769 τε
1386 723 1558 795 μεγάλου
1592 713 1741 797 δρουγ-

288 771 430 839 γαρίου
438 786 706 891 τῆῖ)βίγλης,
726 787 799 826 τοῦ
821 782 889 826 ἐπὶ
913 787 986 825 τοῦ
1015 786 1185 838 στρατου
1205 783 1272 825 καὶ
1301 787 1375 825 τοῦ
1398 777 1571 839 μεγάλου
1593 780 1742 826 άδνου-

289 855 466 894 μιαστου

402 895 507 951 Περὶ
535 895 807 964 στεφηφορίας
832 893 1036 962 βασιλέως.

403 953 508 1006 Περὶ
536 949 791 1019 προβλήσεως
816 949 1020 994 δεσπότου.

404 1009 507 1062 Περὶ
531 1005 787 1076 προβλήσεως
811 1004 1169 1062 σεβαστοκράτορος
1191 1006 1259 1052 καὶ
1285 1007 1500 1078 Καίσαρος.

403 1065 506 1118 Περὶ
534 1062 789 1118 προβλήσεως
809 1068 1060 1119 πατριαρχῶν
1083 1063 1149 1105 καὶ
1160 1060 1505 1132 άρχιεπισκόπων.

404 1121 507 1174 Περὶ
535 1123 746 1173 πενθίμων
771 1123 988 1174 βασιλικων
1015 1116 1265 1173 φορεμάτων.

403 1178 505 1230 Περὶ
535 1174 752 1229 μελλούσης
783 1179 996 1229 δεσποίνης
1022 1176 1247 1231 γινομένης.
1277 1174 1360 1227 (καὶ
1393 1175 1486 1231 περὶ
1525 1171 1745 1231 μελλονύμ-

294 1248 378 1286 φης
401 1234 636 1287 δεσποίνης,
666 1235 801 1273 omisso
825 1233 1061 1288 γινομένης,
1087 1230 1143 1288 Α)

403 1322 532 1364 ἰστέον
570 1319 630 1364 ότι
660 1319 708 1362 τά
749 1320 1037 1389 χρυσοκόκκινα
1069 1319 1229 1363 σκιάδια
1250 1337 1314 1374 φο
1342 1324 1458 1389 οὖσιν
1495 1318 1588 1364 ot’
1563 1319 1647 1363 απο
1671 1324 1746 1364 τοῦ
1810 1332 1812 1335 ’

290 1379 668 1433 πανυπερσεβάστου
689 1377 799 1448 μέχρι
817 1382 891 1419 τοῦ
919 1375 1103 1448 μεγάλου
1120 1391 1310 1433 στρατοπε
1337 1375 1484 1446 άρχου,
1511 1394 1559 1418 τα
1585 1376 1628 1419 δὲ
1649 1390 1745 1433 συρ-

291 1434 456 1488 ματέϊνα
496 1432 743 1489 (συρματηροέ
782 1434 909 1486 Regii)
955 1435 997 1477 οἱ
1027 1431 1106 1475 άπὸ
1142 1451 1213 1476 του
1250 1431 1422 1488 μεγάλου
1455 1436 1745 1488 πριμμικηρίου

290 1491 400 1544 μέχρι
424 1494 497 1532 τοῦ
528 1492 695 1558 (παρακ
719 1494 791 1543 τῆς
821 1492 906 1542 σφ.]
947 1488 1250 1561 κουροπαλάτου
1286 1491 1414 1542 Regii)
1446 1490 1747 1543 παρακοιμωμέ-

287 1564 365 1588 νου
388 1551 461 1600 τῆς
486 1543 808 1599 σφενδόνης,τοῖ
838 1546 881 1588 δὲ
912 1545 1099 1588 κλαπωτα
1128 1547 1170 1589 οἱ
1191 1543 1271 1588 άπο
1296 1551 1370 1589 τοῦ
1387 1548 1747 1599 πρωτοβεστιαρίου

289 1605 685 1658 (πρωτοβεστιαρίτου
707 1602 834 1655 Regii)
855 1602 965 1657 μέχρι
979 1603 1137 1652 τέλους·
1167 1602 1191 1644 6
1210 1601 1285 1658 γάρ
1310 1602 1526 1657 λογοθέτης
1553 1606 1636 1644 τοῖν
1659 1600 1749 1657 άγε-

289 1664 394 1707 λῶν,
439 1660 475 1701 εἰ
513 1677 581 1701 και
619 1658 768 1728 μεταξύ
798 1663 871 1701 τοῦ
896 1664 968 1711 τῆς
1005 1655 1231 1711 σφενδόνης
1261 1660 1328 1701 καὶ
1354 1675 1426 1701 του
1457 1661 1749 1729 πρωτοβεστια-

289 1718 382 1769 ρίου
412 1715 653 1767 εύρίσκεται,
684 1712 768 1759 ἄλλ’
795 1732 871 1757 ουν
900 1715 1012 1785 μήτε
1022 1716 1282 1787 συρματέίνον
1297 1731 1396 1769 μητε
1409 1713 1617 1757 κλαπωτόν
1639 1710 1750 1757 σκιά-

290 1775 380 1814 διον
411 1771 543 1827 φέρει,
574 1770 672 1814 ἄλλά
703 1770 769 1813 διὰ
798 1773 960 1842 βλατίου
987 1768 1142 1839 άσπρὸν
1172 1788 1267 1826 μετα
1288 1773 1510 1827 μαργελίων
1531 1771 1575 1818 (6
1601 1789 1749 1826 γαρ-

291 1831 514 1900 μαργελίων
541 1843 611 1868 om.
640 1829 780 1881 Regii).
838 1845 885 1869 τα
913 1827 956 1869 δὲ
982 1825 1204 1899 σκαράνικα
1227 1830 1444 1897 (φοροῦσιν
1459 1829 1605 1868 addunt
1621 1828 1751 1879 Regii)

291 1886 335 1926 οἵ
358 1883 423 1925 απ’
453 1882 577 1938 άρχῆς
603 1885 726 1953 μέχρι
741 1887 815 1925 τοῦ
846 1883 1063 1953 λογοθέτου
1095 1888 1178 1925 τοῖν
1212 1881 1385 1938 α’γελῶν,
1423 1901 1470 1925 τα
1504 1882 1548 1924 δὲ
1587 1881 1750 1926 κόκκινα

293 1941 418 1993 οἷ(οἰ
437 1955 506 1980 om.
533 1941 677 1995 Grets.)
700 1937 780 1983 άπο
805 1956 876 1982 του
909 1937 1142 1982 ἀκολούθου
1168 1939 1236 1982 καὶ
1266 1940 1348 1991 (καὶ
1378 1953 1439 1979 om
1473 1939 1601 1993 Regii)
1638 1939 1750 1995 μέχρι

291 1996 440 2048 τέλους.

405 2053 482 2090 Sed
521 2052 612 2091 haec
647 2053 730 2104 ipso
764 2052 912 2090 Codino
947 2051 1128 2102 capitibus
1163 2053 1275 2090 tertio
1305 2057 1344 2091 et
1373 2057 1506 2102 quarto
1532 2052 1749 2094 dilucidiora

291 2110 469 2157 evadent,
500 2109 646 2146 tametsi
674 2121 750 2146 non
771 2109 863 2146 satis
889 2121 972 2146 cum
994 2109 1115 2146 indice
1146 2122 1349 2158 congruere
1369 2110 1550 2148 videntur.

405 2165 542 2215 [Alium
578 2165 778 2203 officiorum
813 2164 1063 2204 Palatinorum
1096 2166 1253 2203 indicem
1287 2165 1485 2204 Medonius
1524 2166 1661 2217 edidit,
1709 2169 1749 2205 et

291 2225 380 2260 ante
408 2221 624 2260 Medonium
649 2221 892 2260 Leunclavius
923 2221 996 2260 Iur.
1023 2222 1293 2262 Graeco-Rom.
1332 2223 1355 2264 1
1374 2235 1412 2274 p.
1439 2221 1528 2266 184.
1584 2223 1616 2261 is
1651 2222 1750 2262 infra

291 2279 436 2330 positus
462 2281 532 2317 est.

725 2341 783 2385 Τὰ
814 2339 988 2396 ὄφφίκια
1011 2348 1085 2386 τοῦ
1105 2345 1312 2388 παλατίου.

406 2410 450 2452 Ὅ
480 2407 693 2463 δεσπότης,
833 2410 857 2453 6
885 2408 1229 2479 σεβαστοκράτωρ,
1369 2411 1395 2454 6
1419 2416 1599 2479 καῖσαρ,
1726 2410 1752 2454 6

294 2466 690 2521 πανυπερσέβαστος,
801 2466 825 2509 6
846 2465 1228 2537 πρωτοβεστιάριος,
1343 2467 1365 2510 6
1383 2468 1502 2539 μέγας
1522 2464 1639 2518 δουξ,

294 2524 320 2565 6
345 2523 466 2577 μέγας
494 2523 746 2576 δομέστικος,
874 2522 895 2565 6
921 2523 1315 2597 npmoctpawippxm,
1442 2524 1464 2567 6
1488 2525 1608 2591 μέγας
1636 2526 1751 2577 λογο-

296 2579 440 2630 θέτης,
553 2579 576 2621 6
595 2579 714 2633 μέγας
729 2579 1089 2651 στρατοπεδάρχης,
1202 2581 1228 2624 6
1247 2582 1367 2635 μέγας
1391 2578 1694 2650 πριμμικήριος,

298 2635 323 2677 6
361 2635 482 2688 μέγας
510 2639 821 2686 κοντοσταῦλος,
944 2635 968 2679 6
989 2637 1054 2678 ἐπι
1082 2641 1156 2678 τοῦ
1185 2639 1431 2688 κανικλείου,
1551 2635 1573 2679 6
1593 2650 1749 2702 πρωτο-

298 2691 510 2743 σέβαστος,
644 2692 670 2734 6
698 2691 924 2746 ἐπικέρνης,
1055 2691 1080 2734 6
1106 2692 1461 2746 παρακοιμαίμενος
1481 2695 1553 2747 τῆς
1581 2687 1752 2759 μεγάλης

301 2746 543 2800 σφενδόνης,
686 2748 710 2790 6
738 2764 1092 2816 παρακοιμωμενος
1121 2755 1195 2791 τοῦ
1219 2766 1433 2799 κοιτωνος,
1580 2749 1601 2790 6
1632 2746 1754 2817 μέγας

300 2805 510 2857 βαΐουλος,
643 2801 1010 2860 κὸουροπαλάτης,
1146 2806 1171 2847 6
1203 2805 1603 2861 πρωτοβεστιαρίτης,
1730 2801 1754 2843 6
