1864 3164
263 174 363 224 410

308 282 438 318 briatos
472 282 564 319 aurei
604 283 640 319 et
675 282 822 319 coccinei
858 284 967 330 pileos

306 330 366 374 qui
389 335 527 374 gerunt,
550 329 591 364 ad
615 341 758 364 mensam
783 330 818 363 in
833 329 967 365 nativit.

308 375 388 420 imp.
413 376 499 410 bene
521 380 701 422 precantur
722 375 789 418 55,
814 378 868 412 15.

262 419 447 455 flammeum
490 421 701 466 patriarchae
734 432 795 455 seu
834 425 968 466 tegmen

307 466 430 511 capitis
453 467 564 500 album
587 470 674 509 erat,
701 471 779 510 post
794 477 876 500 auro
894 467 969 500 illu-

306 516 448 546 stratum
479 515 516 546 et
543 511 743 556 imaginibus
773 517 968 546 exornatum

265 601 478 637 flammularis
491 601 613 647 dictus,
622 601 680 648 qui
697 602 856 647 gestabat
871 601 970 638 flam-

311 649 432 682 mulum
454 648 534 682 283.

263 693 464 728 flammulum
496 703 596 727 unum
626 692 812 727 alterumve
842 692 877 727 in
906 704 969 728 ex-

308 738 479 785 peditione
506 750 567 773 seu
599 738 750 773 exercitu
783 739 885 773 habet
906 738 970 772 im-

306 788 446 830 perator
476 784 541 828 48,
574 784 629 820 14.
659 784 831 830 proprium
871 785 971 819 habet

306 841 448 874 magnus
462 829 669 875 primicerius
684 829 718 863 in
737 835 846 864 turma
862 830 970 875 impe-

304 876 432 910 ratoria
453 876 522 918 33,
546 875 599 910 15.
624 875 684 910 sed
709 876 766 920 qui
794 875 969 909 excursio-

306 932 369 955 nes
390 921 538 964 faciunt,
561 921 731 966 proprium
754 932 820 955 non
841 921 969 955 habent

305 968 370 1010 32,
404 968 458 1002 12.
491 966 669 1011 unicuique
700 966 760 1001 dat
791 967 899 1001 locum
931 966 967 1000 in

306 1013 437 1046 fossato
470 1022 580 1055 magn.
607 1012 810 1046 domesticus
839 1014 902 1053 84,
932 1013 966 1049 3.

307 1058 368 1092 sed
392 1068 566 1102 procerum
580 1062 659 1092 ante
673 1057 884 1103 imperatoris
900 1069 966 1091 uon

305 1103 519 1148 explicantur
559 1104 626 1147 83,
671 1103 725 1139 15.
764 1103 966 1137 flammulum

305 1148 400 1183 varie
423 1148 547 1182 dictum
562 1153 597 1183 et
611 1149 771 1193 scriptum
793 1150 873 1184 282.
886 1150 966 1184 283.

305 1205 372 1228 non
404 1199 458 1228 est
487 1194 575 1228 idem
611 1194 701 1239 quod
734 1194 966 1235 flammeolum,

300 1251 364 1273 nec
409 1239 563 1273 labarum
610 1240 690 1274 288.
733 1244 787 1273 est
822 1239 965 1274 militare

300 1284 966 1365 iiffimabiiffietb‘iiississcziss'‘'2335ss

299 1375 406 1419 signis
427 1380 463 1409 et
492 1374 692 1419 imaginihus
721 1374 877 1409 distincta
905 1376 967 1417 47,

300 1422 346 1456 21
370 1432 442 1465 sqq.
465 1419 677 1466 florenteque
699 1419 840 1466 imperio
857 1420 963 1454 cuivis

301 1465 474 1511 quingenti
508 1465 648 1500 aderant
683 1466 749 1508 48,
797 1467 852 1500 11.
885 1468 964 1512 post

300 1510 520 1556 imperatoria
543 1512 681 1545 stabant
711 1511 745 1544 in
773 1511 868 1554 vigil.
900 1522 965 1545 na-

301 1557 393 1592 tivit.
414 1556 584 1591 flammula
603 1567 779 1602 procerum
799 1557 885 1591 ibid.
908 1558 964 1592 16.

299 1602 501 1636 flammulum
524 1603 684 1636 usitatum
705 1603 787 1648 imp.
819 1606 893 1636 erat
915 1612 962 1637 ss.

303 1659 385 1682 crux
427 1648 560 1682 radians
593 1649 660 1690 28,
699 1650 754 1683 15.
784 1648 864 1683 249.
901 1657 964 1682 seu

302 1693 486 1736 σταυρίων
501 1694 580 1728 283.
604 1693 694 1727 aliud
715 1699 790 1727 erat
804 1693 964 1736 δρακον-

301 1742 403 1773 τεῖον
425 1740 509 1774 ibid.
531 1739 734 1773 flammulum
761 1736 965 1781 Θεοδώρων

300 1785 428 1818 habens
461 1785 622 1828 imagines
655 1789 707 1819 est
729 1786 903 1829 utriusque
926 1785 963 1818 S.

302 1830 479 1864 Theodori
501 1831 581 1866 286.
610 1829 785 1864 flammula.
801 1830 836 1864 in
859 1829 964 1864 vesti-

301 1875 409 1954 grium
425 1876 537 1910 delata
550 1876 607 1919 53,
625 1877 659 1911 9.
683 1876 720 1910 in
734 1876 828 1910 luctu
842 1875 965 1910 omissa

254 1965 396 1999 floribus
427 1966 591 2001 sternitur
626 1967 850 2001 ambulacrum
881 1965 964 2001 sab·

302 2011 380 2045 bato
406 2012 528 2045 Lazari
549 2013 616 2053 67,
639 2014 672 2046 9.

254 2055 390 2097 flumina
407 2057 508 2091 habet
522 2057 704 2091 sticharion
720 2056 870 2102 episcopi
883 2057 960 2092 166.

300 2102 491 2145 significant
513 2102 653 2145 gratiam
676 2102 816 2136 docendi
839 2106 875 2135 et
892 2101 961 2134 flu-

299 2147 388 2181 mina
414 2147 457 2181 de
481 2147 660 2180 salvatoris
681 2152 800 2181 ventre
822 2146 962 2179 fluentia

298 2193 384 2227 ibid.
408 2192 448 2226 iis
479 2192 600 2237 pocula
628 2192 782 2226 innatant
814 2191 898 2225 ibid.
927 2195 961 2226 et

299 2238 423 2272 fluvios
443 2238 605 2271 habentes
627 2237 791 2282 mandyae
813 2247 873 2271 seu
897 2247 962 2270 un-

299 2284 412 2317 dulata
435 2282 538 2328 pallia
563 2282 645 2316 ibid.

253 2331 330 2365 fons
361 2329 566 2363 curationum
598 2331 653 2361 est
680 2327 839 2373 templum
862 2330 960 2363 extra

297 2376 413 2409 urbem
430 2375 554 2408 dictum
570 2371 669 2417 πηγή
692 2374 773 2409 381.
791 2373 839 2407 ibi
854 2385 958 2420 spon-

253 2431 360 2501 101·εέιὲ
383 2424 545 2499 {libati-hard
567 2420 867 2509 {ffpetatorzarum
905 2462 958 2497 di-

300 2522 397 2545 versa
420 2512 486 2554 31,
509 2512 566 2546 21.

253 2557 416 2590 formulae
439 2554 656 2599 subsignandi
671 2553 868 2588 beneficium
885 2553 958 2587 col-

298 2603 400 2635 latum
417 2604 460 2638 79
471 2627 482 2644 ,
507 2602 562 2636 15.
587 2605 622 2634 et
637 2610 704 2645 qua
717 2600 866 2634 sultanus
881 2599 958 2633 Ma-

299 2648 451 2681 hometes
476 2646 689 2680 Gennadium
721 2644 958 2690 patriarcham,

299 2698 335 2725 et
352 2703 418 2736 qua
433 2691 618 2726 Christiani
632 2691 735 2736 impp.
749 2690 959 2736 patriarchas

300 2738 447 2771 crearint
469 2737 550 2772 374.

252 2785 361 2819 sorum
384 2782 631 2828 cupedinarium
653 2780 775 2816 dictum
795 2784 874 2828 post
887 2782 960 2817 Au-

298 2832 442 2874 gusteon
463 2829 542 2865 355.

853 175 1131 222 GRETSERI

1009 285 1174 320 fossatum
1213 283 1334 320 dictum
1371 295 1392 320 a
1424 285 1514 320 fossa
1546 283 1715 330 significat

1056 335 1166 366 castra
1187 331 1288 365 fossis
1322 330 1448 366 munita
1477 330 1555 366 244.
1582 331 1714 364 exerci-

1055 381 1124 411 tum
1148 376 1256 422 ipsum
1279 376 1362 412 ibid.
1387 379 1424 410 et
1444 386 1532 421 quae
1553 376 1630 410 inde
1652 375 1712 410 de-

1055 422 1221 456 ducuntur
1246 421 1292 456 ib.
1315 421 1350 455 in
1371 422 1498 457 fossato
1518 426 1619 466 caput
1639 427 1714 455 tur-

1057 467 1398 550 Εῗέθὲῗὲθῖἑοήῗί
1412 467 1714 547 ““ε.ἲὲῖῗέ’“ἓ.ῗῑῖἶ;

1057 564 1159 604 caput
1182 562 1236 593 est
1269 538 1407 603 mdgnus
1437 557 1638 592 domesticus
1656 559 1715 600 28,

1057 606 1112 640 13.
1139 605 1202 647 83,
1224 605 1258 640 7.
1280 603 1315 638 in
1340 615 1381 638 eo
1402 603 1511 638 locum
1526 608 1621 637 tenet
1635 602 1715 646 imp.

1055 650 1203 685 absentis
1224 650 1270 684 ib.
1289 649 1452 684 stationes
1467 648 1626 694 disponit,
1642 647 1716 682 obit

1056 707 1130 730 cum
1153 694 1359 730 adnumiasta
1384 695 1445 735 85,
1482 697 1514 730 1.
1531 697 1566 730 9.
1586 693 1620 727 in
1642 693 1717 727 fos-

1056 746 1132 776 sato
1155 741 1318 786 quomodo
1346 740 1485 775 diurnae
1513 743 1714 773 nocturnae-

1057 797 1124 831 que
1156 787 1294 832 vigiliae
1321 786 1570 821 constituantur
1589 784 1657 826 84,
1679 784 1716 820 5,

1056 833 1218 866 fossatum
1240 833 1336 876 leve,
1367 832 1391 867 i.
1414 830 1500 866 levis
1524 834 1715 866 armaturae

1056 878 1177 912 milites
1196 878 1279 912 ibid.
1302 879 1337 913 9.

1012 923 1134 957 Franci
1149 924 1361 969 appellantur
1375 923 1578 957 Genuenses
1593 922 1629 955 et
1641 919 1714 954 Ve-

1056 968 1126 1003 neti
1163 971 1229 1009 76,
1260 971 1295 1005 7.
1334 969 1401 1002 imo
1434 968 1535 1002 etiam
1565 965 1642 1000 Itali
1675 968 1713 998 et

1055 1014 1160 1048 Siculi
1181 1015 1258 1051 330.
1290 1014 1497 1048 Francorum
1527 1010 1714 1056 stipendia-

1054 1059 1176 1094 riorum
1196 1063 1250 1094 est
1267 1063 1368 1105 caput
1382 1069 1493 1103 magn.
1514 1060 1713 1092 contostau-

1054 1105 1106 1138 lus
1127 1106 1189 1145 33,
1216 1106 1269 1141 18.

1009 1149 1261 1196 Francopulus‚
1297 1147 1513 1195 Turcopulus
1524 1161 1549 1190 ,·
1569 1146 1714 1182 archon-

1054 1197 1190 1241 topulus
1213 1202 1277 1230 etc.
1301 1195 1385 1229 haec
1400 1192 1589 1229 terminatio
1605 1191 1713 1226 inter-

1054 1241 1131 1275 dum
1155 1242 1200 1275 nil
1231 1241 1419 1286 significat,
1450 1238 1616 1274 interdum
1647 1236 1712 1271 mi-

1053 1287 1125 1320 nuit
1145 1287 1224 1321 228.

1007 1331 1094 1366 freni
1114 1341 1192 1376 pars
1217 1341 1341 1372 aurea,
1374 1340 1474 1374 orea,
1504 1329 1549 1364 ab
1571 1339 1654 1364 aure
1677 1330 1714 1362 et

1055 1388 1114 1410 ore
1136 1377 1227 1410 dicta
1248 1377 1328 1411 227.
1536 1376 1539 1380 ”

1007 1421 1132 1457 funarii
1167 1421 1280 1467 operis
1314 1421 1420 1455 instar
1451 1421 1594 1464 argento
1628 1429 1711 1452 con-

1052 1471 1144 1501 torto
1164 1466 1336 1501 involutus
1369 1471 1421 1500 est
1448 1467 1555 1499 nodus
1575 1464 1610 1497 in
1632 1475 1714 1497 soe-

1052 1516 1130 1558 ptro
1146 1523 1256 1556 magn.
1273 1510 1447 1546 domestici
1458 1513 1512 1555 17,
1530 1511 1584 1546 12.
1599 1508 1711 1554 magni

1052 1558 1145 1592 ducis
1171 1559 1234 1601 18,
1258 1558 1312 1594 19.

1007 1604 1196 1639 functiones
1235 1603 1356 1637 variae
1400 1600 1595 1637 clericorum
1635 1599 1713 1635 113.

1051 1650 1132 1685 273.
1155 1648 1360 1693 aulicorum,
1391 1647 1551 1690 militum,
1573 1644 1713 1680 famulo-

1051 1706 1123 1729 rum
1145 1696 1211 1736 28,
1234 1694 1268 1729 5.
1497 1704 1505 1708 “

1006 1740 1134 1820 funda5e
1181 1738 1378 1783 accubitor,
1414 1748 1533 1786 parum
1570 1735 1714 1783 quadrat

1005 1832 1104 1867 funes
1119 1829 1286 1865 deauratis
1307 1828 1450 1875 pellibus
1465 1826 1566 1870 tecti,
1589 1826 1713 1872 quibus

1051 1888 1150 1958 ggrlna
1198 1887 1334 1911 mensae
1376 1874 1456 1920 imp.
1496 1877 1713 1919 apponuntur

1005 1970 1120 2003 fuscus
1152 1967 1246 2001 color
1276 1965 1366 1999 inter
1387 1964 1498 1999 album
1521 1965 1557 1998 et
1578 1962 1710 2007 nigrum

1051 2013 1178 2047 medius
1207 2014 1266 2054 19,
1292 2012 1346 2044 12.

1005 2059 1132 2093 Galata
1153 2068 1213 2090 seu
1240 2057 1328 2089 Pera
1349 2065 1376 2088 s.
1418 2054 1556 2097 Sycena
1577 2055 1631 2086 est
1650 2063 1710 2086 re-

1051 2101 1106 2146 gio
1130 2101 1222 2135 urbis
1251 2100 1378 2133 decima
1408 2099 1511 2132 tertia
1535 2099 1612 2132 122.
1636 2108 1710 2132 eam

1048 2147 1166 2181 incolit
1187 2150 1377 2192 potestatus
1399 2143 1630 2179 Genuensium
1651 2145 1711 2187 56,

1003 2238 1141 2273 Galliae
1173 2247 1273 2281 reges
1304 2234 1462 2269 vexillum
1484 2234 1522 2268 S.
1550 2233 1710 2277 Dionysii

1049 2283 1225 2318 oriflambe
1253 2281 1376 2316 dictum
1408 2280 1445 2315 in
1477 2279 1710 2326 expeditiones

1049 2329 1239 2363 educebant
1260 2328 1339 2363 286.

1001 2374 1186 2420 gammadia
1220 2372 1381 2407 sticharia
1411 2373 1490 2408 166.
1521 2373 1708 2416 gemmatae

1047 2425 1162 2454 vestes
1184 2419 1265 2454 224.

1002 2465 1120 2510 generi
1133 2465 1292 2509 despotae
1303 2461 1611 2506 stemmatogyrium
1629 2461 1708 2505 100,

1049 2513 1103 2546 19.
1136 2510 1216 2555 pilei
1244 2509 1308 2550 14,
1338 2510 1396 2544 21.
1424 2509 1512 2542 inter
1542 2518 1602 2541 eos
1623 2506 1706 2541 ordo

1047 2555 1218 2600 dignitatis
1241 2556 1285 2595 6,
1311 2555 1366 2590 18.

1002 2601 1216 2635 Gennadium
1258 2598 1464 2632 Scholarium
1499 2597 1708 2631 Mahometes

1047 2647 1082 2681 11
1122 2645 1346 2691 patriarcham
1384 2647 1476 2677 creat
1505 2643 1584 2678 372.
1614 2640 1708 2675 varie

1049 2703 1182 2737 pressus
1208 2690 1322 2725 officio
1343 2689 1432 2723 cedit
1453 2689 1533 2724 373.

1003 2748 1114 2782 genua
1144 2748 1211 2771 non
1243 2736 1426 2770 flectuntur
1456 2734 1524 2767 ritu
1548 2731 1708 2766 ecclesia-

1049 2783 1136 2817 stico
1165 2782 1255 2818 inter
1283 2781 1408 2827 pascha
1435 2784 1472 2814 et
1491 2781 1709 2825 pentecosten

1052 2827 1130 2865 334.
