1820 3178
559 191 619 234 IN
648 191 843 235 CODINI
880 192 990 235 CAP.
1024 191 1059 236 Ι.
1446 190 1562 236 157'

98 303 182 354 quit
215 297 370 352 huiusi
404 299 506 338 cuius
539 299 650 338 etiam
682 299 822 338 Ciu-ius
856 299 1030 339 meminit.
1057 298 1184 339 Iunius
1215 298 1256 337 in
1282 296 1396 338 schol.
1434 311 1539 339 ccmo·

97 359 270 410 turchin,
297 358 360 409 qui
385 356 573 396 manibus
608 356 833 408 synodalibus
868 361 903 395 et
935 357 1019 396 aliis
1051 356 1205 407 legendis
1231 356 1432 407 praefectus
1470 359 1544 400 θείς

96 416 202 461 cuius
217 414 270 453 rei
289 412 496 464 exemplum
514 411 673 451 habetur
691 426 721 452 c.
745 415 770 454 6
793 416 833 451 et
859 413 923 455 15.
945 425 1071 452 verum
1096 413 1136 451 in
1157 411 1280 464 priore
1301 412 1382 450 loco
1405 424 1480 449 non
1502 411 1546 449 fit

95 470 234 511 mentio
262 469 617 522 protocamonarchac,
655 470 723 507 sed
757 470 1027 521 canonarchae,
1060 470 1123 519 qui
1159 469 1234 506 duo
1266 469 1422 520 diversi,
1449 468 1546 505 sieut

96 525 371 579 protonotarius
389 529 430 564 et
448 526 624 564 notarius.
651 525 765 564 verba
797 526 933 566 Codini
954 539 993 577 p.
1021 525 1076 567 46
1108 524 1135 566 4
1160 524 1252 563 haec
1275 529 1382 563 sunt:
1409 524 1547 575 legitur

95 595 120 621 a
146 581 374 621 monarcha
394 581 484 619 iilud
507 579 794 635 πολυχρόνιον,
822 581 1025 620 diuturnum
1052 581 1179 633 saciat
1196 582 1282 620 deus
1296 585 1453 620 sanctum
1480 582 1546 618 im·

89 642 226 692 perium
248 643 347 677 tuum
372 638 413 676 in
442 638 569 676 multos
599 651 729 676 annos.-
764 638 878 687 idque
903 638 1015 675 tertio
1052 638 1171 688 repeti
1206 637 1305 675 dicit.
1341 641 1448 675 estne
1483 636 1544 673 hic

94 706 216 733 sermo
251 694 301 732 de
321 694 640 747 protocanormrcha
672 706 721 731 an
752 694 799 731 de
825 693 1069 731 canonarcha?
1100 694 1281 731 diciturne
1312 694 1428 744 ipsius
1463 705 1546 730 esse

95 750 220 801 legere
242 754 326 789 acta
346 749 515 802 synodica
539 753 579 787 et
612 749 684 787 alia
706 749 813 786 huius
838 748 1011 800 generis?
1040 753 1147 787 estne
1175 750 1299 787 fausta
1324 749 1387 787 illa
1409 761 1544 800 appre—

94 807 192 845 catio
213 805 414 844 dissimum
423 805 547 856 saciat
567 807 746 857 imperium
765 810 866 844 tuum
884 809 952 843 etc.
974 818 1092 843 canon
1114 806 1327 856 synodalis,
1354 810 1398 844 ut
1417 805 1544 843 Iunius

95 860 289 911 loquitur?
314 861 430 899 multo
443 862 563 899 minus
581 861 620 898 id
637 861 756 899 altero
773 874 797 899 a
818 861 924 899 Iunio
943 863 1056 900 citato
1079 861 1161 899 loco
1186 875 1222 913 p.
1248 866 1304 905 82
1331 861 1358 903 4
1385 862 1546 912 reperire

93 918 203 968 licet,
228 917 293 954 ubi
314 917 454 955 nullum
469 918 622 955 verbum
641 930 710 956 nec
726 919 774 955 de
794 918 1023 955 canonarcha
1040 930 1109 955 nec
1129 919 1176 955 de
1191 918 1543 969 protocanonarcha.

93 975 163 1012 sed
180 973 307 1019 Iunius
329 977 507 1023 tanquam
530 986 658 1011 caecus
680 975 719 1011 in
750 974 806 1011 his
835 974 1158 1013 ecclesiasticarum
1179 975 1410 1012 functionum
1433 987 1543 1011 voca-

93 1029 191 1067 bulis
213 1029 430 1080 oberrabat,
453 1033 492 1068 et
521 1031 720 1068 dummodo
750 1030 891 1079 aliquid
915 1032 1075 1081 diceret,
1104 1030 1210 1068 facile
1232 1043 1274 1069 se
1306 1031 1541 1068 inventurum

93 1086 205 1124 fidem
231 1085 478 1127 arbitrabatur
498 1087 600 1138 apud
632 1086 714 1124 illos
746 1087 811 1137 qui
832 1091 980 1139 praeter
1007 1088 1264 1140 praedicantes
1287 1091 1327 1124 et
1352 1087 1540 1124 ministros

90 1142 194 1180 verbi
212 1141 302 1180 nihil
319 1146 466 1180 norunt.

206 1230 300 1276 Quis
314 1231 429 1280 igitur
441 1230 779 1281 protocanonawffl,
802 1235 843 1269 et
859 1232 959 1270 unde
974 1230 1046 1270 hoc
1068 1231 1233 1270 nomen?
1254 1235 1415 1283 exponet
1434 1232 1540 1270 nobis

93 1286 165 1325 hoc
185 1286 372 1337 Zonaras,
401 1287 519 1336 quiin
538 1287 805 1325 commentariis
832 1301 944 1339 super
966 1301 1126 1326 canonas
1150 1288 1394 1326 Anastasinos
1431 1288 1542 1326 Ioan-

92 1343 151 1381 nis
182 1338 403 1381 Damasceni
429 1344 484 1380 ita
509 1347 797 1382 commentatur:
833 1357 943 1382 canon
970 1344 1124 1394 dicitur,
1149 1347 1235 1395 quia
1255 1346 1483 1396 praefinitam
1511 1348 1545 1382 et

93 1411 211 1438 novera
230 1399 307 1437 odis
324 1401 617 1450 a‘rcumscnptam
634 1400 736 1438 habet
749 1400 949 1451 periodum,
973 1404 1016 1438 ut
1035 1401 1159 1438 videre
1179 1405 1237 1438 est
1255 1401 1293 1437 in
1318 1402 1546 1439 Graecorum

92 1455 285 1492 ritualibus
301 1454 413 1492 libris.
441 1455 488 1492 ab
508 1455 565 1492 his
582 1456 696 1505 igitur
714 1456 913 1494 canonibus
934 1457 1036 1506 apud
1058 1457 1220 1494 Graecos
1242 1469 1399 1506 magnae
1417 1461 1546 1494 ancto-

93 1511 213 1549 ritatis
235 1514 275 1548 et
289 1511 566 1549 existimationis
586 1513 929 1562 Ρτοΐοσαηοπατοήα,
961 1517 1000 1549 et
1028 1513 1091 1561 qui
1118 1513 1188 1549 sub
1218 1512 1280 1549 illo
1306 1517 1406 1563 erat,
1435 1526 1547 1550 cano-

94 1567 231 1605 marcha
251 1579 387 1604 nomen
402 1570 613 1604 traxerunt:
640 1568 805 1618 ipsorum
832 1568 927 1604 enim
960 1572 1042 1604 erat
1064 1580 1223 1606 canonas
1247 1569 1363 1618 istos,
1394 1569 1545 1617 quando

95 1623 135 1660 in
152 1622 303 1660 ecclesia
317 1623 538 1660 decantandi
555 1627 677 1673 erant,
699 1623 872 1660 inchoare
887 1627 926 1660 et
949 1623 1098 1673 reliquis
1127 1624 1231 1674 quasi
1254 1625 1407 1675 praeire.
1446 1623 1546 1673 hinc,

95 1682 136 1716 et
155 1691 232 1716 non
249 1678 417 1728 aliunde,
435 1678 507 1716 hoc
525 1691 660 1716 nomen
680 1679 857 1728 originem
874 1680 985 1717 ducit.

184 1765 310 1803 κανών
337 1769 478 1813 hymnus
493 1769 749 1812 {ecclesiasticus
778 1772 832 1804 est
861 1769 994 1814 longior
1025 1772 1061 1804 et
1087 1770 1238 1825 pluribus
1270 1772 1425 1817 tropat-iis
1464 1784 1544 1807 con-

95 1816 201 1850 stam.
246 1814 305 1860 qui
334 1826 418 1849 vero
442 1816 623 1850 canonibus
645 1815 829 1850 istiusmodi
851 1815 1064 1850 concinendis
1091 1817 1275 1861 incumbit,
1309 1816 1544 1864 κανονάρχου

93 1859 315 1905 appellatione
344 1860 550 1896 honestatur.
603 1861 667 1894 hoc
698 1866 807 1895 autem
834 1866 932 1906 pacto
956 1865 1188 1906 κανοναρχεῖ.
1244 1862 1478 1898 deficientibus
1501 1865 1546 1898 li-

94 1905 164 1938 bris
181 1910 281 1950 prout
295 1906 386 1949 apud
401 1917 480 1947 nos,
503 1906 685 1940 uncialibus
696 1906 802 1940 literis
818 1906 965 1941 exaratis
980 1912 1016 1940 et
1032 1907 1067 1940 in
1089 1907 1183 1941 chori
1206 1908 1315 1942 medio
1339 1910 1383 1943 ad
1398 1911 1543 1944 omnium

94 1950 243 1984 obtutum
270 1951 514 1995 expendendis,
546 1952 754 1985 canonarcha
778 1954 920 1997 troparii
946 1952 1044 1986 unius
1072 1957 1236 1987 commata
1264 1955 1444 1989 successim
1473 1956 1544 1989 alta

93 2006 181 2029 voce
203 1995 322 2029 dextro
347 1997 449 2030 choro
476 1997 636 2041 primum,
678 2003 748 2030 turn
772 1998 912 2031 alterius
936 1997 1076 2042 troparii
1099 1998 1155 2031 vel
1190 2000 1346 2044 strophes
1377 2006 1542 2035 commata

95 2041 199 2074 choro
221 2041 339 2083 alteri,
362 2052 427 2076 nou
450 2041 637 2087 interrupto
661 2047 782 2085 cantu,
804 2043 973 2087 suggerit;
1006 2054 1047 2076 ac
1069 2043 1118 2076 ita
1140 2043 1291 2088 fungitur
1314 2046 1427 2080 officio
1448 2047 1540 2091 quod

95 2090 150 2119 est
163 2089 424 2130 κανοναρχεῖν,
446 2099 612 2121 canonum
628 2087 784 2121 videlicet
808 2088 1093 2122 decantandorum
1118 2090 1259 2135 singula
1287 2093 1392 2125 verba
1417 2097 1451 2126 ct
1474 2103 1539 2136 pe-

94 2132 267 2165 riodorum
282 2133 430 2166 membra
443 2133 627 2177 prudenter
641 2133 685 2166 ob
707 2133 867 2168 librorum
892 2134 1060 2168 defectum
1084 2145 1291 2181 suggerere,
1319 2142 1355 2171 et
1375 2149 1439 2182 quo
1457 2142 1539 2172 tono

95 2177 166 2211 sint
187 2177 362 2211 cantanda
384 2189 531 2214 mucre.

207 2257 371 2301 Quartus
394 2261 453 2295 est
473 2256 651 2310 ἔξαρχος,
678 2259 869 2308 exarchus,
891 2259 967 2299 dux
986 2260 1147 2312 quidem,
1174 2261 1296 2310 inquit
1327 2260 1479 2311 Iunius,
1507 2265 1542 2299 et

91 2325 231 2364 praeses
246 2315 480 2351 ministrorum
491 2314 652 2351 ecclesiae
674 2317 714 2352 in
732 2315 928 2354 ordinanda
949 2317 1163 2366 singulorum
1177 2317 1365 2369 sanctione
1390 2323 1423 2355 et
1438 2319 1547 2354 mini-

95 2371 208 2406 sterio.
237 2368 383 2406 fallitur.
411 2369 544 2406 rectius
563 2369 601 2406 in
619 2369 798 2420 Turcogr.
823 2371 886 2409 fol.
910 2374 991 2413 192
1012 2373 1188 2411 exarchus
1213 2374 1354 2423 legatus
1370 2376 1435 2410 aut
1448 2375 1547 2409 vica-

95 2427 172 2462 rius
195 2425 421 2475 patriarchae
444 2429 509 2462 aut
545 2427 795 2476 metropolitae,
826 2430 918 2465 sicut
947 2441 1009 2465 nos
1035 2429 1191 2479 legatum
1218 2429 1428 2479 apostolicae
1452 2428 1547 2465 sedis

95 2480 254 2518 dicimus.
289 2484 327 2517 et
355 2479 419 2517 fol.
447 2482 528 2521 293
556 2481 688 2518 dicitur
716 2483 892 2521 exarchos
920 2484 1052 2522 missos
1086 2486 1135 2523 ad
1157 2485 1402 2534 colligendmn
1426 2483 1547 2520 subsi-

97 2536 198 2572 dium
226 2548 294 2586 pro
321 2536 518 2586 pendendo
546 2535 679 2574 Turcis
714 2539 876 2577 tributo:
914 2539 1050 2578 habere
1072 2542 1183 2579 etiam
1216 2543 1443 2591 potestatem
1473 2541 1547 2579 τοῦ

96 2587 244 2643 ἅργοῦς
260 2595 391 2631 ποιεῖν
419 2590 487 2631 καὶ
515 2586 740 2645 ἀφορίζειν,
761 2595 932 2645 privandi
950 2597 1061 2646 officio
1089 2597 1320 2634 ecclesiastico
1348 2598 1382 2632 et
1407 2607 1545 2634 excom-

96 2647 323 2695 municandi,
352 2643 403 2686 δι’
423 2642 606 2699 εὐλόγους
631 2649 768 2697 αἰτίας.
793 2650 882 2689 item
904 2652 960 2688 ius
979 2651 1193 2690 absolvendi
1222 2651 1475 2701 poenitentes3
1503 2655 1544 2689 et

97 2703 147 2738 ad
171 2703 242 2740 hoc
267 2703 425 2753 propriis
453 2703 588 2753 literis,
620 2716 712 2752 quas
741 2705 1007 2758 συγχωρητικᾶ
1043 2702 1252 2759 γράμματα
1284 2707 1492 2758 appellant,
1519 2719 1544 2745 a

98 2758 305 2807 patriarcha
324 2760 564 2796 instruuntur.
594 2760 656 2796 fol.
670 2762 752 2801 219
771 2762 845 2798 duo
865 2764 1100 2800 nominantur
1120 2763 1377 2813 patriarchales
1396 2763 1541 2802 exarchi

98 2825 172 2851 uno
196 2819 235 2851 et
258 2815 388 2852 eodem
413 2819 600 2867 tempore,
629 2815 693 2865 qui
722 2820 762 2854 et
792 2817 976 2857 interdum
1004 2819 1155 2871 eparchi.
1184 2819 1232 2857 de
1255 2819 1411 2859 exarcho
1437 2819 1542 2870 nihil,
