1820 3178
253 193 349 239 142
461 188 743 236 GRETSERI
760 189 834 233 ET
855 186 1035 233 GOARI
1053 186 1501 232 COMMENTARIUS

246 302 327 342 sive
355 305 545 342 senatoria.
602 302 688 341 hine
717 304 755 340 et
777 298 943 352 palatina
969 298 1136 350 dignitas·
1166 298 1270 351 apud
1306 298 1494 338 Codinum
1530 310 1567 351 p.
1601 297 1656 343 10
1686 301 1714 342 8

247 373 279 398 c.
309 364 337 402 2
363 363 709 413 πρωτασηκρῆτις,
748 371 821 396 vox
849 371 895 396 ex
923 357 1069 395 Graeco
1105 360 1146 395 et
1181 356 1319 395 Latino
1355 358 1548 407 compacta
1579 355 1717 408 (proto-

247 419 470 458 secretan'um
491 417 604 465 aliqui
632 414 866 466 nominant),
895 414 1008 464 longe
1031 414 1198 452 diversus
1227 413 1275 451 ab
1298 413 1372 451 isto
1399 415 1531 451 nostro
1560 412 1625 463 qui
1658 413 1715 450 di—

250 473 346 511 citur
375 472 399 514 ό
421 472 486 513 ἐπὶ
509 475 591 512 τῶν
615 470 836 524 σεκρέτωνε
865 484 952 509 nam
974 470 1037 508 ille
1065 470 1176 508 iudex
1202 474 1307 520 erat,
1334 470 1394 507 hic
1420 469 1582 507 iudicum
1599 472 1640 507 et
1656 481 1715 506 se-

250 534 362 568 natus
388 530 615 568 administer.
674 540 789 578 quare
808 531 852 565 ut
881 528 1030 566 nomine
1049 540 1132 567 cum
1157 525 1303 564 Latinis
1330 526 1465 565 Graeci
1483 525 1717 575 conveniant,

251 590 385 624 neutro
415 589 540 624 tamen
568 585 681 623 modo
711 585 935 623 conveniunt
963 597 1006 623 re
1032 584 1259 634 significata:
1288 581 1435 621 Latinis
1457 583 1556 620 enim
1569 583 1717 622 accreta-

253 645 330 681 rius
363 644 436 679 iam
471 642 584 692 vulgo
624 646 684 679 est
707 644 891 680 actuarius
911 653 979 678 seu
1000 642 1116 680 scriba
1137 644 1206 678 etc.
1265 640 1336 677 etsi
1362 640 1433 678 hac
1461 640 1614 678 notione
1644 651 1717 677 vox

253 699 345 737 haec
364 700 466 749 apud
481 699 646 736 Graecos
661 711 813 747 quoque
830 701 1010 748 occurrat,
1035 697 1099 747 qui
1123 701 1162 736 et
1177 697 1274 734 hanc
1295 710 1321 734 a
1339 697 1480 735 secretis
1499 708 1606 735 suam
1622 695 1718 733 fece-

254 759 343 793 runt
371 760 409 793 et
439 756 479 792 in
508 768 620 793 unam
646 757 880 805 conflarunt,
919 748 1126 807 ἀσεκρῆτις
1149 753 1207 791 vel
1236 749 1464 807 ἀσεκρήτης.
1520 753 1623 804 apud
1654 753 1719 789 Ci-

254 813 367 850 trium
403 815 509 849 tenet
542 811 567 853 ὁ
601 810 668 853 ἐπὶ
703 814 782 852 τῶν
820 809 1013 864 σεκρέτων
1049 811 1171 849 locum
1205 811 1396 849 decimum.
1455 805 1719 864 ἀσηκρήτειον

255 870 357 920 apud
392 869 606 907 Cedrenum
643 869 683 906 in
716 867 898 907 Michaele
925 868 1147 919 imperatore
1171 870 1230 905 est
1253 867 1353 905 curia
1373 879 1441 906 seu
1469 866 1572 905 locus
1599 877 1719 904 secre-

255 926 360 963 tioris
384 926 548 976 consilii,
576 924 636 964 vel
668 925 771 964 locus
793 925 856 962 ubi
883 925 1071 963 secretarii
1102 925 1337 962 conveniunt.
1393 924 1434 962 in
1465 922 1717 962 Pseudocaro-

254 983 331 1021 lino
363 995 476 1034 opere
505 984 553 1021 de
582 982 808 1034 Imaginibus
837 979 865 1022 4
894 984 920 1023 9
949 982 1057 1020 unica
1082 982 1242 1019 dictione
1263 981 1422 1020 occurrit
1450 981 1631 1019 Asa-reta.

369 1075 406 1112 p.
431 1061 456 1102 5
478 1074 511 1099 v.
536 1063 573 1101 6.
630 1061 810 1111 Sequitur
841 1060 993 1110 quintus
1028 1058 1049 1102 ὅ
1081 1059 1148 1102 ἐπὶ
1174 1062 1246 1112 τῆς
1287 1060 1397 1112 ἱερᾶς
1433 1055 1718 1106 καταστάσεως,

255 1117 455 1170 praefectus
482 1131 583 1156 sacro
608 1121 830 1166 consistorio,
867 1118 921 1156 ait
941 1118 1080 1156 Iunius.
1137 1118 1273 1155 rectius
1301 1118 1340 1155 in
1361 1117 1448 1155 Iure
1480 1115 1554 1155 GR
1579 1116 1722 1168 praese-

258 1180 335 1213 ctus
361 1187 483 1212 sacrae
513 1177 681 1224 stationi,
714 1175 817 1212 cuius
841 1179 899 1212 est
922 1172 1030 1223 ἐντὸς
1057 1176 1131 1215 τοῦ
1159 1172 1359 1226 βήματος,
1387 1176 1486 1212 intra
1511 1175 1723 1213 tabernacu-

256 1231 352 1278 lum,
391 1234 488 1268 intra
524 1231 640 1270 altare
677 1233 812 1282 ipsum,
850 1227 1056 1282 εὐταξίαν,
1096 1235 1238 1270 rectum
1273 1231 1514 1281 debitumque
1543 1230 1723 1277 ordinem,

257 1299 475 1325 conservare
500 1286 598 1325 inter
622 1288 810 1326 ministros
832 1291 870 1325 et
884 1288 986 1326 alios.
1046 1292 1145 1326 errat
1163 1289 1260 1326 enim
1281 1288 1432 1339 Iunius,
1465 1287 1528 1338 qui
1547 1286 1723 1339 praefecti

256 1345 364 1382 huius
393 1357 526 1380 munus
555 1344 626 1382 alio
653 1345 779 1384 trahit.
836 1349 876 1382 at
913 1346 998 1383 locis
1034 1346 1110 1383 illis
1147 1345 1411 1394 secretioribus,
1439 1345 1562 1394 inquit
1583 1344 1724 1392 Iunius,

258 1402 395 1439 iudices
409 1401 458 1438 ad
474 1402 632 1439 tribunal
646 1402 790 1439 consilio
810 1405 911 1452 capto
928 1404 1128 1450 veniebant,
1156 1403 1219 1440 ubi
1244 1403 1397 1439 ordinem
1423 1403 1455 1438 is
1481 1403 1544 1452 qui
1565 1403 1725 1453 proxime

262 1459 424 1510 sequitur
433 1459 670 1508 procurabat,
699 1457 721 1499 ὁ
740 1456 801 1498 ἐπὶ
823 1462 897 1510 τῆς
916 1458 1024 1510 ἱερᾶς
1045 1454 1320 1505 καταστάσεως
1339 1458 1488 1495 seilicet.

356 1528 376 1566 ὅ
404 1527 464 1566 ἐπὶ
497 1533 562 1577 τῆς
595 1529 697 1576 ἷερὸἷς
722 1529 994 1578 καταστάσεως]
1035 1533 1084 1574 si,
1113 1537 1151 1568 ut
1175 1533 1342 1569 consentit
1358 1533 1523 1575 AUatius,
1554 1532 1642 1567 idem
1667 1531 1724 1578 qui

263 1574 325 1614 ἐπὶ
350 1574 518 1620 εὐταξίας
544 1579 670 1621 fuerit,
692 1579 733 1613 de
749 1579 806 1613 illo
822 1579 908 1613 haec
924 1580 996 1613 eius
1014 1591 1098 1613 mss:
1139 1576 1159 1614 ὃ
1194 1578 1254 1614 ἐπὶ
1285 1576 1454 1622 εὐταξίας
1483 1577 1628 1614 ἵσταται
1661 1577 1726 1613 καὶ

264 1622 410 1670 δέχεται
449 1621 535 1665 τοὺς
561 1621 745 1670 ἄρχοντας
778 1623 843 1659 καὶ
877 1624 999 1669 στήκει
1029 1622 1166 1665 αὐτοὺς
1196 1622 1293 1660 κατὰ
1326 1622 1395 1670 τὴν
1426 1622 1547 1669 τάξιν,
1587 1625 1728 1668 μᾶλλον

265 1668 308 1705 δὲ
343 1669 408 1705 καὶ
442 1667 490 1704 vo}
525 1671 719 1706 καθίσουν.
769 1671 895 1705 addunt
921 1671 1003 1705 alia:
1032 1668 1080 1705 vo'c
1121 1668 1270 1715 ὁρίζούν
1303 1671 1367 1706 ἴνα
1403 1671 1630 1716 φιλοκαλοῦν
1662 1668 1727 1705 καὶ

263 1713 312 1751 voi
337 1713 494 1750 πλύνωσι
519 1713 587 1757 τάς
616 1714 816 1760 κανδήλας.
865 1728 982 1751 verum
1014 1717 1181 1752 nominum
1214 1717 1335 1752 omisso
1367 1717 1576 1760 discrimine,
1609 1715 1726 1750 dicen-

265 1762 345 1796 dum
366 1763 541 1796 manifesto
566 1761 650 1805 περὶ
683 1764 751 1797 τοῦ
773 1759 835 1798 ἐπὶ
858 1763 924 1807 τῆς
946 1760 1048 1805 ἷερᾶς
1067 1761 1341 1804 καταστάσεωςι
1376 1764 1420 1798 de
1449 1774 1516 1809 quo
1542 1774 1609 1797 non
1633 1761 1726 1796 Alla-

263 1808 359 1842 tiana
374 1819 452 1851 mss,
477 1808 535 1841 sed
553 1808 667 1842 Allatii
681 1809 787 1855 ipsius
801 1820 937 1850 manus,
961 1809 1018 1843 ubi
1033 1809 1076 1843 de
1095 1809 1319 1844 recentiorum
1345 1810 1566 1844 Graecorum·
1580 1808 1728 1854 templis.

265 1865 310 1888 ne
328 1853 491 1895 ministri,
516 1854 626 1898 quint
642 1855 817 1899 plurimum
844 1855 984 1889 iuvenes
1002 1859 1102 1898 sunt,
1125 1855 1166 1889 ad
1190 1856 1365 1890 iudendum
1393 1855 1558 1911 prompti,
1581 1853 1729 1899 ineptias

250 1904 369 1944 agant
384 1906 419 1934 et
433 1900 535 1934 risum
552 1900 717 1943 excitent,
741 1902 937 1946 praefectus
952 1900 1020 1935 iliis
1038 1897 1099 1936 ἐπὶ.
1121 1902 1189 1949 τῆς
1211 1899 1312 1945 ἷεροῖς
1334 1911 1602 1943 καταστασεως,
1620 1910 1728 1944 prae-

258 1948 376 1990 fectus
390 1958 488 1980 sacro
505 1947 704 1980 consistorio
719 1946 752 1980 in
777 1947 855 1980 lure
877 1947 958 1988 GR,
985 1950 1021 1980 et
1044 1947 1208 1980 Gretsero
1222 1949 1421 1991 praefectus
1434 1958 1557 1981 sacrae
1570 1946 1727 1988 stationi,

262 2001 362 2035 quam
378 1997 491 2034 recte,
516 1991 581 2036 ipsi
606 1991 762 2026 viderint.
808 2003 871 2035 ego
897 1995 1065 2026 verterem
1087 1994 1307 2026 moderandis
1328 1993 1475 2026 moribus
1492 1991 1547 2026 vel
1569 1992 1728 2038 dirigen-

263 2038 319 2071 dis
339 2038 463 2071 ritibus
482 2038 590 2071 sacris
616 2049 657 2071 ac
684 2038 1000 2079 constitutionibus,
1026 2049 1068 2071 ex
1094 2037 1291 2071 recentioris
1317 2037 1454 2082 linguae
1475 2037 1634 2071 Graecae
1646 2047 1728 2083 pro-

262 2082 429 2127 prietate,
456 2081 490 2115 in
506 2093 547 2116 ea
560 2082 725 2126 siquidem
749 2080 969 2122 κατάστασις
993 2094 1059 2116 non
1086 2089 1139 2117 est
1159 2085 1286 2125 statio,
1310 2084 1368 2118 sed
1387 2083 1464 2127 ipsa
1486 2083 1630 2117 hominis
1646 2094 1729 2117 con-

265 2127 377 2169 dicio,
403 2127 508 2171 ritus,
534 2128 637 2172 ordo,
660 2128 857 2162 constitutio
874 2132 909 2161 et
935 2139 1063 2162 mores:
1087 2129 1163 2162 hinc
1186 2129 1349 2163 hominem
1375 2129 1491 2164 dicunt
1517 2126 1726 2163 ἀκατάστα-

264 2185 333 2208 τον
347 2184 412 2207 non
427 2173 485 2218 qui
502 2185 566 2206 non
583 2178 671 2215 stat,
696 2174 755 2208 sed
773 2174 828 2218 qui
840 2174 1001 2218 improbis
1015 2174 1213 2219 insulsisque
1229 2175 1375 2209 moribus
1399 2178 1463 2210 est.
1509 2175 1560 2210 sic
1583 2186 1659 2209 cum
1673 2174 1730 2208 vi-

267 2219 350 2253 dent
365 2219 507 2264 aliquem
523 2219 614 2254 nulia
629 2219 833 2253 discretione
848 2219 1039 2265 praeditum
1049 2246 1060 2262 ‚
1084 2221 1178 2264 quasi
1202 2221 1420 2255 admiratione
1435 2221 1527 2255 ducti
1543 2221 1599 2255 ἴδε
1613 2218 1728 2255 κατοί-

266 2275 419 2308 στασιν,
444 2265 532 2309 quod
555 2264 614 2298 alii
637 2262 818 2300 σύστασιν.
868 2277 979 2310 neque
1001 2266 1092 2299 aliud
1116 2267 1213 2301 nobis
1234 2267 1344 2301 innuit
1357 2267 1480 2325 quoda
1505 2267 1550 2301 ud
1566 2266 1730 2312 Cyn-illum

269 2311 588 2356 Scythopolitanum
605 2311 638 2344 in
654 2311 724 2345 vita
741 2311 780 2345 S.
806 2311 920 2345 Sabae
943 2311 1086 2356 legitur:
1115 2309 1208 2357 ἔχων
1229 2309 1314 2358 μεθ’
1333 2313 1450 2348 αυτοῦ
1493 2309 1730 2357 ευτερεῦοντα

268 2357 335 2400 τῆς
357 2357 431 2391 τῶν
456 2356 702 2403 κοινοβιακῶν
725 2354 981 2396 καταστάσεως
1006 2359 1238 2402 φροντίδων,
1260 2361 1409 2395 habebat
1432 2371 1543 2394 secum
1557 2358 1731 2405 praefecti

269 2404 361 2438 vices
387 2409 588 2449 gerentem,
623 2404 679 2437 cui
704 2403 904 2438 coenobitica·
929 2404 1061 2438 ordinis
1084 2407 1246 2439 servandi
1273 2418 1356 2440 cura
1381 2406 1558 2440 commissa
1583 2410 1645 2440 ost.
1693 2407 1730 2438 et.

272 2448 380 2483 infra:
399 2445 642 2493 ἀναγκάζεται
657 2445 699 2483 δὲ
715 2445 783 2492 τὴν
796 2445 1071 2484 ἀκαταστασίαν
1083 2447 1201 2484 εἰπεῖν
1216 2449 1522 2495 φρατριασάντων
1537 2445 1728 2496 ἑξήκοντα.

273 2499 310 2528 et
324 2505 476 2528 rursumt
499 2494 566 2528 τοῦ
582 2490 764 2573 Βασιλέως
784 2491 1016 2528 Ἀναστασίου
1040 2496 1211 2540 σφοδρῶς
1236 2494 1551 2540 ἀγανακτοῦντος,
1573 2493 1636 2530 καὶ
1658 2495 1731 2529 ποῖ-
1789 2522 1798 2530 .

270 2550 343 2574 σαν
365 2537 434 2585 τὴν
460 2536 555 2574 κατά
620 2539 831 2584 αλαιστίνην
860 2536 1159 2586 ἐκκλησιαστικὴν
1185 2541 1408 2577 κατάστασιν
1434 2539 1528 2577 ἀνατ
1554 2536 1643 2586 ἑψαι
1665 2538 1746 2575 unet*

273 2583 437 2630 συγχέειν
462 2583 705 2630 πειρωμένου.
753 2590 810 2620 et:
841 2586 909 2620 τοῦ
939 2583 1008 2630 τὴν
1039 2585 1167 2622 ἕνωσιν
1189 2587 1254 2622 καὶ
1276 2586 1428 2633 εἰρήνην
1445 2588 1518 2622 τῶν
1531 2553 1730 2631 Ξκκλησιαῖν

273 2629 437 2674 συγχέειν
460 2629 735 2673 σπουδάζοντος
763 2629 828 2666 καὶ
856 2632 1018 2676 ταραχῆς
1045 2631 1109 2666 καὶ
1131 2631 1404 2673 ἀκαταστασίας
1428 2630 1474 2668 τοὶ
1490 2630 1615 2666 πάντα
1635 2633 1727 2674 πλη-

273 2674 471 2720 ρώσαντος.
520 2682 555 2711 ot
571 2677 797 2723 hypotyposis
821 2677 947 2711 Studii:
971 2675 1204 2719 ὑποτύπωσις
1227 2677 1293 2714 σὺν
1315 2681 1396 2726 θεῷ
1410 2676 1652 2718 καταστασίας
1665 2676 1731 2721 τῆς

269 2723 386 2767 μονῆς
407 2723 480 2756 τῶν
513 2723 718 2758 Στουὸίων.
764 2719 912 2766 εὐταξία
940 2734 1043 2777 porro
1071 2736 1136 2759 non
1165 2731 1290 2760 tantum
1320 2726 1428 2759 bonus
1454 2724 1536 2762 ordo
1563 2727 1634 2765 est,
1667 2722 1728 2758 sed

268 2778 378 2802 mores
395 2768 570 2813 compositi
593 2774 754 2814 recteque
779 2769 970 2812 constituti,
993 2771 1268 2815 quemadmodum
1287 2771 1479 2817 oppositum
1495 2765 1628 2811 ἀταξία
1643 2768 1729 2802 male

270 2813 491 2858 morigeratos
506 2819 613 2849 notat.
661 2818 844 2860 propterea
866 2819 905 2849 ut
925 2814 1109 2850 iuventutis
1131 2818 1276 2862 impetus
1295 2820 1544 2862 compescerent
1560 2820 1594 2848 et
1609 2814 1728 2848 immo-

270 2859 408 2895 deratos
423 2859 581 2895 iuvenum
595 2871 708 2897 mores
720 2862 892 2897 frenarent
916 2872 957 2896 ac
980 2862 1090 2896 turbis
1114 2862 1264 2907 rixisque
1289 2863 1420 2897 modum
1447 2865 1630 2907 ponerent,
1661 2855 1729 2895 τὸν
