1832 3178
265 193 283 235 1
301 191 360 234 12
473 190 752 234 GRETSERI
777 191 843 232 EI
869 188 1043 232 GOARI
1063 177 1507 233 COMMENTARIfis

259 300 334 338 leos
364 303 529 350 spectet,
558 303 671 351 prout
700 298 748 337 ab
773 298 975 351 interprete
1003 297 1160 336 totidem
1187 297 1309 336 verbis
1339 298 1458 339 eidem
1485 299 1580 339 libro
1609 311 1716 353 prae-

258 357 350 396 tixus
370 361 438 394 est.

370 413 610 451 Recentiores
654 411 788 449 Graeci
831 411 870 448 in
917 410 1184 462 orthographia
1227 410 1450 462 dictionum,
1500 412 1717 464 praesertim

261 471 556 522 peregrinarum,
597 469 688 507 varii
728 470 829 506 sunt.
877 468 1044 519 addunt,
1085 471 1130 506 ut
1168 465 1408 518 παλλάτιον,
1443 466 1719 529 κουροπαλλά-

261 542 353 578 της,
395 525 612 579 διβέλλιον,
642 519 947 577 πριμμικήριος,
990 495 1276 576 φλάμμουλον,
1304 527 1344 562 et
1371 524 1411 562 in
1442 538 1535 577 pure
1567 525 1720 563 Graecis

265 599 332 633 xpc
318 582 543 649 ἑμμασθαι,
564 595 633 634 pro
653 579 869 630 παλάτιον,
888 577 1212 632 κουροπαλάτης,
1243 581 1436 632 διβὲλιον,
1464 579 1722 634 πριαικήριος

266 637 520 691 φλάμουλον,
553 637 792 690 κρέμασθαι.
848 638 993 675 addunt
1020 639 1132 675 etiam
1161 637 1266 675 initio
1293 636 1573 690 vocabulorum,
1607 639 1640 676 si
1665 639 1722 675 in-

266 697 447 734 choentur
465 710 487 734 a
506 697 532 748 β
548 695 608 734 vel
635 711 687 746 n,
708 696 734 748 β
761 697 906 733 mutato
929 694 968 731 in
996 709 1046 744 π,
1078 698 1122 731 ut
1149 694 1336 746 βαΐουλος
1356 695 1595 747 μπαΐουλος,
1624 697 1724 735 Βελ-

267 754 457 804 λαρμίυος
493 752 825 804 Μπελλαρμίνος,
863 751 963 802 apud
1003 750 1213 789 Gabrielem
1244 750 1459 802 episcopum
1492 750 1723 803 Philadelph.

268 811 308 846 in
327 810 420 848 libro
441 810 488 846 (le
512 809 773 859 sacramentis,
797 808 955 861 μπάλλα
980 807 1104 859 palla,
1126 807 1225 858 pila,
1251 807 1443 859 Μβασίας
1460 806 1600 858 Bassa,
1618 811 1657 846 et
1683 808 1724 846 id

269 879 388 917 genus
423 866 494 903 alia
520 867 599 903 sine
623 878 787 904 numero.
842 865 916 902 imo
945 863 984 901 in
1011 863 1094 915 ipso
1121 864 1233 901 etiam
1259 863 1438 902 vocabulo
1466 877 1575 903 suum
1597 864 1669 903 hoc
1695 879 1725 916 μ,

270 924 446 960 adiiciunt
469 927 557 961 ante
575 923 602 975 β
621 923 680 962 vel
699 938 750 974 π,
790 923 836 959 ut
866 919 1085 973 ῥὀμπὲρτος
1112 934 1182 972 pro
1219 919 1410 973 ῤὀπέρτος
1442 922 1544 972 apud
1577 920 1726 959 Annam

269 981 308 1017 in
328 980 528 1030 Alexiade,
547 994 772 1032 ταμπαριον
807 991 876 1045 pro
896 976 1105 1030 ταπάριον.
1162 977 1383 1016 detrahunt:
1416 976 1526 1025 σέλα,
1559 976 1727 1018 σακελά-

272 1052 356 1089 ριος
384 1050 451 1088 pro
485 1036 620 1085 σέλλα,
660 1033 916 1088 σακελλάριος
948 1033 1007 1072 vel
1040 1031 1331 1086 σακκελλᾶριος
1387 1047 1456 1072 nec
1482 1038 1606 1073 tamen
1636 1034 1728 1072 haec

271 1093 378 1130 nimis
391 1093 606 1143 scrupulose
621 1093 837 1133 observant:
858 1091 943 1130 hinc
959 1088 1004 1132 τὸ
1023 1106 1052 1130 π
1069 1091 1150 1130 sine
1168 1090 1373 1128 adiectione
1388 1094 1461 1131 τοῦ
1473 1108 1500 1143 μ
1514 1091 1728 1142 saepissime

270 1150 455 1199 invenias,
478 1154 522 1186 ut
540 1148 727 1196 πατέλλα,
748 1147 974 1196 πατέλλιον,
994 1149 1222 1200 πατρίκιος,
1241 1142 1483 1200 πατριάρχης
1500 1151 1539 1186 et
1552 1147 1592 1186 id
1608 1159 1728 1199 genus

270 1206 366 1244 alia
358 1219 558 1243 mnumera.
614 1206 699 1244 vide
721 1205 950 1242 Glossarium
972 1204 1220 1242 Graecobarb.
1251 1203 1411 1243 literam:

384 1263 486 1299 Cave
504 1266 628 1300 autem
646 1274 694 1299 ne
720 1274 852 1299 novem
868 1261 1051 1311 pentadas
1070 1261 1281 1299 clericorum
1299 1272 1516 1311 percurrens
1533 1258 1730 1311 suspiceris

273 1319 384 1356 etiam
402 1322 526 1356 aetate
545 1318 682 1357 codini
704 1331 782 1356 non
801 1319 918 1356 fuisse
937 1318 1061 1369 plures
1082 1318 1230 1356 clericos
1251 1330 1408 1367 magnae
1426 1317 1598 1355 ecclesiae
1617 1329 1730 1366 quam

274 1376 332 1413 his
357 1388 491 1413 novem
520 1376 697 1426 quinariis
719 1378 998 1413 enumerentur:
1027 1387 1114 1414 nam
1145 1372 1319 1412 officiales
1344 1377 1491 1412 tantum
1518 1374 1590 1411 hoc
1611 1373 1732 1411 indice
1782 1377 1784 1379 ’

274 1433 521 1471 continentur.
577 1432 665 1470 olim
693 1432 844 1482 quidem
865 1432 981 1469 fuisse
1011 1431 1348 1469 numerosissimum
1376 1430 1512 1468 clerum
1540 1431 1660 1480 liquet
1685 1442 1731 1468 ex

276 1488 432 1528 Novella
457 1489 568 1527 tertia
589 1489 803 1539 Iustiniani,
833 1489 921 1538 qui,
957 1499 1005 1526 ne
1031 1488 1183 1526 nimium
1208 1487 1499 1538 diffunderetur,
1517 1487 1567 1525 ad
1591 1490 1734 1524 certum

276 1558 469 1583 numerum
508 1546 708 1583 restrinxit.
765 1548 959 1596 sancimus,
1002 1544 1146 1595 inquit,
1185 1557 1227 1583 ne
1263 1544 1400 1595 quando
1434 1546 1473 1582 in
1508 1546 1735 1582 sacrosancta

278 1606 407 1641 maiore
425 1602 569 1640 ecclesia
587 1603 687 1640 ultra
708 1604 762 1643 60
785 1602 1022 1653 presbyteros,
1050 1602 1214 1640 diaconos
1230 1613 1309 1639 vero
1328 1612 1442 1639 mares
1460 1601 1562 1649 100,
1579 1599 1736 1651 seminas

280 1659 336 1699 40
360 1662 395 1697 et
423 1659 649 1698 subdiaconos
675 1661 750 1705 90,
783 1658 925 1696 lectores
955 1662 1072 1696 autem
1105 1658 1204 1696 ultra
1233 1660 1336 1707 110,
1368 1661 1527 1696 cantores
1551 1656 1648 1695 ultra
1678 1655 1735 1698 25

280 1718 457 1764 existant,
491 1720 532 1754 ut
562 1717 734 1754 umversis
768 1716 1128 1754 reverendissimorum
1159 1715 1358 1753 clericorum
1397 1714 1542 1753 maioris
1572 1713 1737 1752 eeclesiae

279 1785 440 1810 numerus
467 1775 506 1810 in
531 1771 613 1814 425
642 1774 796 1823 personis
827 1776 860 1810 et
887 1774 965 1812 100
990 1775 1171 1822 praeterea
1197 1773 1355 1810 ostiariis
1375 1768 1437 1820 (ut
1462 1773 1608 1818 vocant)
1647 1782 1735 1808 con-

281 1830 395 1866 sistat.
452 1842 491 1866 in
507 1831 731 1866 sanctissima
747 1830 859 1877 igitur
879 1830 1009 1866 maiore
1029 1828 1143 1866 almae
1167 1828 1273 1865 huius
1294 1828 1392 1865 urbis
1413 1830 1554 1865 nostrae
1578 1826 1737 1874 ecclesia,

281 1888 315 1921 et
335 1886 449 1922 tribus
471 1885 546 1923 illis
571 1887 686 1923 sacris
711 1885 857 1922 aedibus
881 1886 915 1922 ei
943 1884 1170 1934 coadunatis,
1199 1887 1303 1922 tanta
1329 1884 1528 1922 clericorum
1546 1882 1737 1920 multitudo

281 1944 354 1978 esto
365 1970 376 1988 ‚
395 1943 560 1979 neminem
578 1954 694 1978 eorum
717 1943 779 1991 qui
793 1954 886 1978 nunc
903 1943 983 1977 sunt
998 1940 1181 1988 eiicicndo,
1207 1942 1349 1977 tametsi
1364 1939 1474 1977 multo
1489 1942 1599 1977 maior
1619 1951 1736 1976 nume-

282 2009 342 2034 rus
360 1999 492 2035 existat
515 2010 617 2048 quam
635 2010 659 2034 a
677 1998 773 2034 nobis
789 1996 954 2047 definitus
968 2000 1041 2042 est‚·
1069 1998 1200 2034 nemine
1214 1998 1297 2034 item
1315 1996 1358 2033 de
1384 1999 1519 2034 caetero
1539 2008 1604 2046 per
1623 1995 1736 2033 ullum

280 2053 456 2101 ordinem,
488 2056 550 2104 qui
583 2053 647 2091 hoc
669 2057 814 2102 tempore
845 2057 913 2101 est,
939 2052 1158 2100 adiiciendo,
1192 2052 1296 2090 donec
1324 2054 1420 2090 intra
1450 2051 1540 2090 hunc
1559 2064 1738 2090 numerum

280 2114 444 2148 mensura
462 2111 640 2147 consistat.
695 2109 889 2146 Heraclius
906 2109 1106 2159 imperator
1125 2109 1162 2146 in
1191 2108 1393 2159 diplomate
1421 2109 1469 2146 de
1493 2121 1645 2147 numero
1672 2109 1738 2146 de·-

281 2164 388 2204 finito
436 2165 650 2203 clericorum
685 2177 843 2216 magnae
870 2165 1057 2203 Ecclesiae
1092 2169 1171 2203 tom
1210 2169 1230 2205 1
1263 2165 1358 2202 Iuris
1394 2164 1736 2203 Graeco-Romani:

280 2222 523 2272 religiosorum
542 2224 820 2274 presbyterorum
843 2222 1030 2271 catalogus
1049 2222 1100 2260 ad
1127 2223 1203 2269 80,
1236 2221 1458 2260 diaconorum
1480 2234 1561 2260 vero
1588 2224 1739 2260 marium

283 2279 334 2317 ad
357 2279 457 2328 150,
473 2278 690 2329 feminarum
713 2279 986 2316 diaconissarum
1005 2279 1055 2316 ad
1074 2276 1141 2326 40,
1163 2278 1449 2316 subdiaconorum
1478 2278 1527 2316 ad
1546 2280 1614 2327 70,
1634 2277 1739 2316 lecto-

283 2347 360 2373 rum
380 2335 429 2373 ad
450 2338 553 2384 160,
580 2339 758 2374 cantorum
774 2335 824 2372 ad
845 2334 920 2382 25,
946 2337 1168 2373 ostiariorum
1187 2334 1236 2372 ad
1259 2338 1313 2376 75
1329 2364 1340 2382 ‚
1371 2347 1577 2386 quacunque
1600 2335 1738 2372 tandem

285 2405 415 2439 causa,
433 2391 629 2440 redigatur.
683 2391 782 2429 idem
803 2391 1004 2441 imperator
1021 2391 1171 2429 clericos
1199 2388 1373 2429 officiales
1396 2391 1469 2428 hoc
1491 2402 1644 2428 numero
1673 2391 1739 2428 de—

285 2445 426 2498 finivit,
460 2448 629 2487 nimirum
650 2451 694 2485 ut
718 2452 843 2486 essent
864 2447 1015 2497 syncelli
1033 2452 1080 2497 2,
1109 2448 1310 2485 cancellarii
1333 2451 1404 2498 12,
1435 2448 1651 2485 defensores
1675 2450 1740 2496 10,

285 2505 523 2542 referendarii
556 2506 629 2555 12,
657 2505 790 2542 notarii
808 2505 885 2553 40,
908 2503 1191 2555 sceuophylaces
1221 2504 1427 2554 presbyteri
1454 2503 1505 2553 4,
1533 2503 1741 2554 sceuophy-

285 2560 383 2598 laces
406 2561 550 2599 diaconi
570 2564 609 2611 6,
624 2561 779 2599 lectores
803 2562 829 2600 2
844 2565 913 2598 etc.
938 2573 1034 2610 quae
1056 2574 1137 2599 cum
1157 2559 1372 2599 officialibus
1394 2560 1529 2598 Codini
1556 2572 1632 2597 non
1648 2559 1740 2597 satis

286 2617 498 2655 concinunt.
556 2619 625 2655 sed
641 2618 680 2655 in
699 2618 755 2655 his
776 2617 866 2655 nihil
884 2622 966 2655 erat
982 2618 1083 2668 apud
1103 2618 1265 2656 Graecos
1284 2617 1513 2656 constantius
1530 2628 1643 2665 quam
1659 2617 1742 2667 ipsa

285 2674 534 2712 inconstantia
556 2678 595 2712 et
614 2674 782 2712 mutandi
807 2686 887 2712 mos
915 2674 1138 2711 indesinens.
1765 2716 1768 2717 ⁷

397 2729 513 2768 Index
538 2731 677 2781 primus
707 2729 936 2780 officialium,
967 2731 1030 2779 qui
1058 2742 1190 2768 novem
1223 2729 1404 2780 pentades
1429 2728 1635 2778 antecedit,
1663 2739 1740 2765 non

137 2794 164 2826 P
195 2793 259 2830 153
285 2786 432 2824 videtur
456 2798 539 2824 esse
565 2800 588 2824 a
615 2788 860 2839 Curopalata:
891 2800 955 2824 cur
977 2788 1072 2826 enim
1101 2787 1156 2824 bis
1183 2786 1428 2835 battologice,
1447 2798 1516 2824 nec
1535 2785 1627 2822 satis
1653 2796 1740 2821 con-

280 2846 447 2892 stanter,
477 2844 627 2882 eosdem
652 2845 784 2882 eodem
810 2845 1076 2895 propemodum
1098 2844 1178 2882 loco
1200 2841 1465 2894 percenseret?
1492 2841 1594 2879 nolui
1617 2846 1741 2878 tamen
