1832 3178
244 238 311 284 60
665 240 864 284 comm
899 221 1302 283 GUROPALATAE‘

192 359 224 394 D
249 351 361 403 λέως.
427 353 495 396 καὶ
524 352 734 405 ἐσθίοντος
767 348 860 405 οὖν,
894 355 930 396 εἷ
961 353 1031 411 ὁέῃ
1062 359 1184 407 πιεῖν,
1211 352 1404 411 ὑπηρετεῖ·
1429 351 1451 397 ὃ
1481 353 1705 412 πιγκέρνης,

244 419 300 472 ὡς
331 421 508 478 εἴρηται,
543 424 578 465 εἴ
605 423 788 478 ἐνδημῶν
818 422 899 477 εἴη·
934 425 970 465 εἴ
996 423 1042 465 δὲ
1065 421 1150 478 μή,
1184 425 1252 466 καὶ
1275 422 1295 466 ὅ
1319 421 1569 479 ἐντιμότερος
1588 427 1707 484 κιρνᾷ

243 494 323 532 τῶν
353 489 571 547 ἀρχόντων.
641 492 678 533 οἳ
705 495 779 533 τοῦ
804 492 1054 544 δομεστικίου
1086 492 1219 535 τοίνυν
1248 492 1477 547 δομέστικοι
1494 491 1592 542 τοὺς
1612 492 1704 546 μίν-

242 575 341 608 σους
362 559 544 609 ἅπαντας
564 558 753 616 φέροντες
770 561 954 603 τιθέασιν
973 559 1039 609 ἐπ’
1063 558 1254 619 ἐδάφους.
1324 558 1408 604 εἶτα
1430 559 1469 603 οἳ
1491 561 1703 617 προδηλω-

243 627 384 677 θέντες
412 627 602 684 ἄρχοντες
627 625 844 685 ὑπηρέται,
877 627 961 684 ἤως
983 627 1006 672 ὅ
1026 646 1069 672 τε
1091 629 1504 686 πρωτοβεστιαρίτης,
1539 626 1561 671 ὃ
1578 628 1738 686 μέγας5

243 693 501 752 ἕταιριάρχης
518 697 587 738 καὶ
607 693 628 738 ὃ
649 700 722 751 τῆς
739 698 868 752 αὐλῆς
882 695 1193 755 πριμμικήριος,
1227 698 1323 748 τοὺς
1350 697 1550 754 ἄρχοντας
1578 713 1709 755 προσ-

242 767 458 806 καλοῦνται
487 765 543 815 εἷς
569 765 644 820 τὴν
667 765 943 822 παράστασιν·
978 766 1017 809 οἶ
1038 767 1081 809 δὲ
1101 768 1168 809 καὶ
1187 765 1502 824 παραγενόμενοι
1519 766 1709 808 ἵστανται

243 832 403 875 ἕκαστοι
423 835 479 882 εἷς
497 833 593 884 τοὺς
610 831 760 885 τόπους
779 834 927 878 αὐτῶν.
994 835 1128 878 ἔπειτα
1147 836 1391 894 εἳσέρχονται
1409 836 1476 878 καὶ
1494 833 1533 876 οἱ
1549 831 1708 889 ψάλται

242 900 346 955 μετὰ
385 906 466 944 τῶν
500 902 813 960 ἓπιρριπταρίων
845 905 914 946 καὶ
946 905 1143 958 καμισίων
1183 904 1316 947 αὐτῶν
1323 935 1338 956 ,
1381 905 1450 946 καὶ
1479 901 1709 958 ψάλλουσιν

123 972 152 1005 Ρ
177 973 221 1008 92
243 967 446 1024 ι’διόμελον
465 969 512 1013 τὸ
534 975 607 1025 τῆς
625 969 786 1029 ἑορτῆς,
820 971 910 1027 ἤτοι
930 972 976 1014 τὸ
998 971 1122 1029 μάγοι
1138 975 1315 1030 Περσῶν
1333 976 1526 1026 βασιλεῖς.
1592 974 1707 1026 ψαλ-
1719 973 1764 1010 10

242 1036 394 1081 λόντων
417 1033 489 1081 οὖν
509 1037 662 1082 τούτων
683 1038 704 1083 ὅ
724 1041 798 1095 μέν
818 1041 1010 1094 βασιλεὺς
1027 1041 1173 1098 μικρὸν
1195 1039 1442 1096 ἀπεχόμενος
1461 1043 1535 1083 τοῦ
1557 1039 1709 1083 ἐσθίειν

242 1105 444 1162 κάθηται·
480 1105 501 1150 ὅ
523 1108 568 1150 δὲ
584 1108 710 1165 μέγας
730 1109 986 1163 δομέστικος,
1013 1107 1034 1152 ὁ
1057 1110 1292 1164 δομέστικος
1309 1111 1376 1152 καὶ
1390 1107 1415 1152 ’ὃ
1435 1110 1499 1152 ἐπὶ
1517 1112 1590 1163 τῆς
1606 1124 1709 1166 τρα-

243 1176 362 1231 πέζης
383 1173 642 1234 ὑποχωροῦσι
669 1178 848 1234 πλαγίως
877 1178 995 1234 μέχρι
1023 1180 1091 1220 καὶ
1120 1182 1195 1221 τοῦ
1219 1179 1370 1233 τοίχου.
1435 1179 1504 1220 καὶ
1530 1176 1632 1232 μετὰ
1660 1175 1708 1219 τὸ

215 1246 221 1252 “
241 1249 455 1301 πληρῶσαι
476 1243 646 1296 τούτους
664 1245 738 1302 τὴν
759 1248 1007 1305 ψαλμῳὸίαν
1024 1251 1097 1290 τοῦ
1117 1247 1316 1300 βασιλέως
1337 1240 1462 1296 αὖθις
1479 1245 1709 1302 ἀρξαμένου

242 1314 416 1364 ἐσθίειν,
452 1311 473 1356 ὃ
502 1314 630 1370 μέγας
654 1315 890 1369 δομέστικος
914 1315 1016 1372 πρὸς
1041 1316 1115 1371 τὴν
1142 1313 1342 1372 τράπεζαν
1356 1314 1549 1357 ἀπελθὼν
1563 1313 1708 1370 κατέρ-
1720 1317 1763 1354 15

239 1399 355 1436 χεται
374 1381 476 1435 πρὸς
493 1383 539 1424 τὸ
561 1382 706 1440 ἄκρον,
742 1385 810 1426 καὶ
833 1387 951 1426 καλεΐ
966 1383 1060 1427 κατ’
1086 1383 1216 1438 ὄνομα
1237 1382 1309 1426 τόν
1331 1401 1374 1426 τε
1393 1380 1710 1440 πρωτοψάλτην,

241 1450 312 1493 τὸν
345 1451 604 1504 ὃομέστικον,
638 1452 708 1494 τὸν
738 1450 1022 1510 λαμπαδάριον
1047 1454 1114 1495 καὶ
1135 1452 1206 1495 τὸν
1230 1454 1449 1509 μαΐστορα.
1517 1451 1710 1493 ἐλθοῦσιν

243 1513 316 1561 οὗν
339 1520 406 1561 καὶ
429 1521 594 1562 δίδωσιν
614 1521 782 1574 μίνσους
807 1521 966 1572 αὐτοῖς·
1002 1520 1072 1572 οὓς
1100 1523 1167 1563 καὶ
1197 1521 1433 1579 ἇπαίροντες
1452 1519 1491 1562 οἱ
1509 1517 1710 1575 κανονάρ-

238 1604 311 1640 χαι
334 1587 413 1629 ἀπὸ
434 1592 514 1631 τῶν
532 1593 681 1645 χειρῶν
702 1589 836 1631 αὐτῶν
845 1621 857 1640 ,
892 1588 1027 1644 ὥσπερ
1052 1589 1104 1632 τὰ
1126 1588 1383 1632 παιδόπουλα
1412 1587 1493 1630 ἀπὸ
1523 1591 1605 1630 τῶν
1632 1587 1710 1643 ἆρ-

188 1666 219 1700 Β
237 1653 414 1710 χόντων,
443 1655 498 1707 ὥς
516 1657 692 1715 εἴρηται,
718 1656 982 1711 ἐκβάλλουσιν
1002 1657 1092 1708 ἔξω.
1159 1659 1226 1700 καὶ
1246 1658 1349 1712 μετὰ
1365 1661 1484 1700 τοῦτο
1504 1655 1605 1711 λέγει
1626 1652 1765 1696 nri-20

243 1728 306 1766 λιν
328 1722 348 1766 ὃ
371 1725 497 1781 μέγας
516 1726 750 1779 ὃομέστικος
767 1724 939 1769 Ἵλθετε
958 1728 1026 1769 καὶ
1046 1724 1206 1781 &mig-’²
1276 1727 1344 1768 καὶ
1371 1723 1579 1782 ἐρχόμενοι
1605 1721 1709 1766 πάν-

241 1810 307 1843 τες
335 1793 373 1836 οἳ
404 1794 658 1850 ἀναγνῶσται
686 1796 897 1852 ἐπαίρουσι
925 1795 1112 1849 μίνσους,
1146 1796 1216 1837 καὶ
1248 1795 1441 1853 φέρουσιν
1459 1790 1629 1843 τούτους
1647 1790 1706 1834 δι’

335 1947 354 1980 1
379 1942 501 1988 δεήσει
522 1956 640 1990 margo
660 1945 691 1980 P
801 1946 842 1981 11
867 1942 1122 1989 ἀποσχόμενος
1143 1945 1176 1980 Α
1280 1943 1325 1980 21
1349 1942 1453 1979 ἐλᾶτε
1473 1942 1537 1978 καὶ
1562 1941 1656 1984 ἐσεῖς
1677 1941 1710 1978 Α

333 1992 379 2026 22
405 1989 606 2036 ἀπαίρουσι
627 1991 657 2026 Ρ

242 2123 426 2170 anteponit
449 2137 489 2159 ea
511 2124 727 2170 imperatori.
773 2125 805 2159 si
827 2124 922 2160 inter
945 2123 1114 2159 edendum
1139 2124 1263 2160 bibere
1289 2124 1398 2170 velit,
1433 2124 1608 2159 ministrat
1629 2123 1710 2169 pin-

244 2182 369 2214 cerna,
405 2170 436 2204 si
460 2183 528 2205 non
551 2172 645 2206 absit
665 2183 835 2217 peregre,
868 2176 906 2205 ut
929 2171 1058 2205 dictum
1081 2177 1148 2205 est.
1196 2171 1250 2206 sin
1274 2172 1406 2215 minus,
1441 2183 1486 2205 ex
1506 2171 1711 2215 proceribus

244 2216 453 2251 eminentior
485 2217 643 2262 poculum
677 2218 812 2251 miscet.
860 2216 1041 2251 domestici
1074 2216 1194 2262 itaque
1219 2228 1282 2251 seu
1313 2222 1494 2252 curatores
1514 2215 1570 2250 rei
1591 2217 1711 2251 dome-

244 2263 356 2297 sticae
389 2262 492 2297 allata
525 2263 641 2297 omnia
673 2263 805 2297 fercula
835 2262 927 2296 humi
960 2268 1147 2307 reponunt.
1195 2263 1323 2298 deinde
1347 2261 1600 2308 praenominati
1626 2271 1709 2307 pro·

243 2321 361 2352 ceres,
393 2308 543 2343 ministri
568 2321 708 2343 mensae
731 2308 996 2353 imperatoriae,
1030 2308 1198 2342 videlicet
1219 2309 1544 2354 protovestiarites‚
1568 2318 1711 2352 magnus

241 2354 485 2389 hetaeriarcha
509 2360 546 2389 et
567 2355 667 2390 aulae
691 2355 928 2400 primicerius,
952 2366 1116 2398 proceres
1134 2354 1222 2389 alios
1245 2355 1288 2389 ad
1311 2353 1624 2389 circumstationem
1646 2352 1710 2387 ad—

243 2406 393 2442 vocant3
427 2400 476 2434 iili
502 2413 587 2435 vero
611 2401 818 2435 accedentes
843 2405 938 2434 stant
960 2411 1024 2434 suo
1048 2400 1196 2444 quisque
1220 2400 1312 2435 loco.
1358 2405 1484 2445 postea
1506 2398 1710 2444 ingrediun-

242 2453 300 2481 tur
325 2446 428 2481 etiam
452 2454 612 2481 cantores
637 2458 711 2481 cum
735 2447 807 2482 suis
830 2446 930 2491 pileis
956 2453 992 2479 et
1014 2446 1183 2489 camisiis,
1210 2451 1407 2491 canantque
1429 2445 1513 2480 festi
1533 2445 1711 2491 proprium

243 2493 434 2536 canticum,
468 2505 592 2539 nempe
617 2492 723 2526 iilud:
754 2489 867 2536 “magi
892 2491 1074 2525 Persarum
1099 2488 1240 2536 reges.”
1287 2492 1341 2526 his
1364 2492 1473 2536 igitur
1493 2488 1712 2526 concinenti-

242 2540 330 2582 bus,
370 2538 524 2574 abstinet
555 2538 726 2585 paululum
758 2538 948 2582 imperator
979 2538 1023 2571 ab
1055 2538 1203 2572 edendo.
1252 2543 1289 2572 at
1319 2548 1463 2582 magnus
1488 2535 1712 2579 domesticus,

244 2585 455 2619 domesticus
489 2597 649 2629 mensae,
687 2590 724 2619 et
779 2584 955 2618 raefectus
978 2594 1117 2616 mensae
1139 2584 1335 2618 subducunt
1357 2595 1397 2618 se
1420 2583 1463 2616 ad
1486 2581 1575 2616 latus
1602 2591 1712 2626 usque

244 2631 288 2665 ad
317 2631 496 2675 parietem.
545 2637 727 2676 postquam
748 2630 807 2664 isti
831 2628 992 2663 cantandi
1015 2629 1118 2663 finem
1142 2629 1304 2664 fecerunt
1324 2634 1359 2664 et
1376 2629 1568 2674 imperator
1585 2626 1711 2660 iterum

244 2678 427 2710 comedere
459 2677 595 2722 coepit,
631 2687 776 2721 magnus
806 2674 1016 2709 domesticus
1049 2675 1092 2708 ad
1126 2686 1276 2709 mensam
1306 2685 1489 2717 reversus,
1525 2677 1710 2707 extremam

246 2722 322 2756 eius
346 2729 477 2767 partem
503 2727 664 2767 occupat,
689 2727 860 2766 vocatque
881 2719 1078 2754 nominatim
1101 2720 1246 2765 primum
1265 2726 1453 2763 cantorem,
1475 2717 1573 2752 chori
1593 2718 1712 2752 dome-

246 2769 387 2812 sticum,
421 2769 668 2813 lampadarium
693 2774 730 2803 et
753 2767 969 2812 magistrum,
1000 2765 1179 2811 traditque
1199 2766 1446 2801 accedentibus
1466 2762 1537 2798 iliis
1558 2762 1714 2804 fercuia;

247 2826 339 2858 quae
361 2815 405 2848 de
429 2816 585 2849 manibus
610 2825 726 2850 eorum
751 2813 876 2848 tollunt
897 2812 1154 2856 canonarchae,
1190 2811 1474 2857 quemadmodum
1497 2807 1713 2861 imperatorii

249 2861 348 2906 pueri
372 2873 393 2895 a
417 2860 639 2906 proceribus,
666 2867 704 2895 ut
725 2867 830 2894 antea
853 2857 982 2893 dictum
1005 2862 1079 2901 est,
1105 2863 1142 2892 et
1165 2859 1260 2892 foras
1284 2859 1448 2892 efferunt.
1496 2860 1619 2899 postea
1642 2859 1711 2887 lte-

250 2919 325 2943 rum
357 2907 444 2943 dicit
474 2918 618 2952 magnus
646 2906 857 2942 domesticus
886 2900 1078 2940 “accedite
1109 2909 1146 2938 et
1177 2900 1294 2946 vos;’'
1328 2902 1566 2945 acceduntque
1595 2910 1714 2934 omnes
