1820 3178
285 194 382 244 144
485 194 766 242 GRETSERI
787 195 860 238 El*
880 193 1060 239 GOARI
1079 190 1524 240 COMMENTARIUS

281 300 471 351 ἕρμηνεῦει
490 301 535 340 τὸ
564 300 803 361 εὐαγγέλιον,
826 299 921 340 ’ὅταν
943 301 1148 357 λειτουργεΐ
1166 298 1187 337 ὅ
1205 298 1415 348 ἀρχιερεύς,
1449 300 1514 339 καὶ
1529 299 1568 339 εἰ
1580 298 1745 340 δυνατόν

278 347 376 396 ἐστι,
397 349 462 386 καὶ
477 347 520 386 τὸ
535 353 759 395 ψαλτηριον.
805 349 884 384 hinc
898 349 1064 396 perspicis
1079 359 1141 383 cur
1155 348 1222 384 SS.
1244 350 1318 385 PP.
1343 348 1507 395 quaedam
1528 350 1688 386 homiliae
1722 362 1745 385 n

279 397 475 453 evangelia,
499 397 586 432 aliae
599 397 635 431 in
649 397 816 451 psalmon²
836 396 871 430 in
885 395 1267 450 apostolum-nonnullae
1285 399 1350 432 etc.
1397 395 1539 431 adverto
1559 397 1630 432 τοῦ
1645 392 1744 452 ἀπο·

278 441 903 532 3:3²2ssm‘sszssgz’ffifaiziz‘fzssssz?
914 442 1044 522 1¹:223}
1056 440 1167 530 ⁵¹¹1¹¹10¹1¹2
1178 445 1747 534 ‘igssssssi'nssi⁰ffi22ffi¹32}}

277 531 496 580 ἐπισκοπῆς.
546 531 622 571 ἔστι
644 531 689 569 δὲ
711 531 776 569 καὶ
798 530 947 578 οἰκέτης
966 532 1034 578 τῆς
1053 531 1177 578 τρίτης
1197 531 1412 578 πεντάδος.]
1430 533 1470 578 *J

389 624 426 662 p.
450 610 476 652 5
494 622 530 648 V.
554 610 619 651 11.
674 609 824 649 rhetoris
862 608 1024 648 officium
1056 612 1116 647 est
1141 609 1349 660 generatim
1385 609 1590 660 scripturas
1621 600 1747 649 sacras

277 667 534 720 interpretari3
563 670 603 706 et
627 667 776 707 videtur
802 666 865 705 ille
887 677 1001 718 quem
1022 677 1094 704 nos
1115 668 1388 706 concionatorem
1412 666 1659 706 nominamus·

712 980 1149 1034 CAPUT
1226 981 1357 1032 IX..

399 1150 436 1189 p.
452 1135 478 1179 5
493 1149 528 1175 v.
547 1137 609 1178 13.
656 1102 712 1174 In
733 1135 866 1186 quinta
883 1135 1095 1174 continetur
1113 1137 1148 1177 1.
1163 1134 1189 1178 ὅ
1206 1131 1341 1190 ἄρχων
1358 1136 1442 1177 ταῖν
1461 1132 1749 1189 μοναστηρίων,

281 1195 405 1234 socius
426 1199 465 1233 et
487 1196 637 1235 adiutor
650 1196 777 1246 magni
797 1196 989 1247 sacellarii,
1002 1197 1050 1234 de
1064 1197 1226 1246 quoiam
1240 1209 1308 1235 suo
1323 1196 1424 1248 loco,
1439 1200 1477 1239 2.
1493 1194 1515 1237 ἆ
1527 1194 1660 1250 ἅρχων
1669 1198 1751 1236 τῶν

280 1252 526 1305 ἐκκλησιῶν,
543 1253 666 1292 socius
685 1257 725 1293 et
747 1253 897 1290 adiutor
915 1254 1096 1292 curatoris
1115 1253 1274 1305 sacellfi,
1302 1253 1350 1292 de
1373 1266 1450 1304 quo
1466 1253 1596 1291 itidem
1624 1266 1751 1305 supra.

372 1339 408 1375 p.
426 1327 448 1363 5
473 1339 508 1362 v.
532 1327 587 1363 15.
617 1328 694 1363 τῶν
714 1323 927 1373 ἐκκλησιῶν]
942 1329 1158 1363 καθολικῶν
1171 1329 1338 1376 intellige,
1353 1330 1397 1365 de
1411 1330 1532 1376 quibus
1542 1340 1646 1376 supra
1657 1329 1752 1368 Alla-

282 1374 398 1409 tiana:
423 1371 556 1418 γράφει
572 1370 619 1408 τά
636 1372 843 1419 α’ντιμίνσια
859 1371 1086 1419 (ἀντίμηνσα
1101 1375 1158 1419 Μ)
1175 1373 1240 1410 καὶ
1258 1373 1306 1410 τά
1324 1374 1593 1422 σταυροπήγια.
1619 1376 1752 1411 altaria

278 1421 470 1467 portatilia
494 1421 636 1466 signat,
661 1426 696 1456 et
720 1421 842 1455 literae
867 1421 986 1466 quibus
1011 1425 1109 1455 cruce
1134 1422 1224 1456 data
1247 1433 1272 1455 a
1295 1423 1506 1457 dioecesanis
1523 1422 1752 1466 exemptiones

282 1479 345 1501 con
365 1471 508 1501 ertantur
531 1466 761 1502 monasteriis.
809 1465 852 1500 de
875 1466 928 1500 his
952 1466 1199 1511 Euchologium
1223 1468 1311 1504 fuse.
1357 1467 1465 1510 idem,
1498 1479 1560 1502 ceu
1584 1466 1751 1513 paroeciis

281 1513 499 1558 praefectus,
521 1514 656 1555 κρατεῖ
673 1507 714 1546 ἐν
729 1511 776 1557 τῇ
803 1510 959 1556 φυλάξει
982 1509 1100 1546 αὐτοῦ
1126 1509 1168 1548 τό
1191 1511 1333 1559 μύρον,
1363 1525 1500 1549 eaerum
1525 1518 1752 1560 unguntum,

281 1559 317 1592 in
347 1557 602 1592 confirmatione
632 1556 858 1592 adhibendum
883 1568 906 1592 a
933 1557 1078 1603 privatis
1099 1559 1336 1594 sacerdotibus
1366 1571 1430 1594 eeu
1460 1558 1632 1594 consuetis
1661 1558 1751 1605 apud

282 1604 441 1639 Graecos
459 1603 530 1638 eius
547 1603 748 1640 sacramenti
763 1603 922 1638 ministris
932 1627 943 1647 ‚
966 1615 1051 1639 onae
1066 1606 1241 1641 meodian
1256 1606 1468 1642 comminuam
1481 1609 1588 1643 tenet·

392 1673 480 1715 ibid.
504 1687 539 1713 v.
561 1676 623 1716 16.
653 1675 692 1715 3.
709 1672 734 1715 ὁ“
753 1670 887 1727 ἅρχων
901 1673 976 1714 τοῦ
991 1669 1240 1729 stiam-sliam·
1255 1673 1312 1724 εἰς
1325 1672 1369 1718 τὰ
1388 1678 1550 1731 κρατεῖν
1562 1676 1681 1718 τοῦτο
1695 1673 1756 1724 εἷς

279 1728 351 1780 τάς
376 1730 510 1782 λιτάς,
540 1732 643 1770 cuius
671 1732 833 1769 officium
856 1734 915 1769 est
940 1735 1079 1781 gestare
1103 1732 1324 1783 euangelium
1349 1747 1410 1772 seu
1435 1734 1585 1772 codicem
1602 1745 1756 1783 evange-

280 1789 408 1826 liorum
440 1790 480 1826 in
512 1789 827 1840 supplicationibus
851 1791 885 1826 et
907 1789 1195 1839 processionibus.
1252 1788 1326 1828 hoc
1354 1793 1480 1829 tamen
1506 1802 1584 1828 non
1605 1790 1755 1829 videtur

280 1845 492 1883 consentire
518 1858 604 1883 cum
630 1845 773 1883 Ioanne
792 1845 932 1895 Citrio,
961 1845 1026 1894 qui
1046 1846 1184 1884 diserte
1202 1846 1333 1885 scribit
1364 1844 1410 1888 το“
1439 1846 1484 1888 ἐν
1511 1850 1599 1894 ταῖς
1628 1848 1755 1893 λιταῖς

281 1897 493 1954 βαστάζειν
518 1899 565 1942 τὸ
594 1897 825 1957 εὐαγγέλιον
857 1914 928 1940 esse
967 1903 1041 1942 τοῦ
1077 1899 1378 1955 δευτερεύοντος
1414 1906 1498 1944 ταῖν
1534 1899 1752 1951 διακόνων,

283 1969 398 2007 quem
427 1958 596 1996 Codinus
632 1959 672 1996 in
704 1962 811 1996 sexta
842 1958 1007 2008 pentade
1039 1958 1210 1996 collocat.
1266 1963 1305 1996 et
1329 1959 1408 1996 fieri
1431 1962 1561 2010 potest
1584 1962 1629 1997 ut
1659 1957 1753 1997 haec

279 2027 342 2054 res
370 2014 478 2052 aliter
506 2025 548 2051 se
571 2014 743 2052 habuerit
767 2018 937 2064 tempore
959 2014 1069 2052 cittii
1096 2018 1135 2052 et
1153 2015 1260 2052 aliter
1276 2019 1401 2054 aetate
1419 2015 1575 2055 Codini:
1603 2027 1692 2055 nam
1709 2019 1754 2054 ut

282 2071 366 2121 ipse
393 2070 534 2108 Citrius
554 2072 795 2120 conqueritur
808 2097 821 2121 ‚
844 2070 937 2108 haec
959 2071 1109 2122 saepius
1133 2071 1365 2123 patriarchae
1395 2073 1576 2111 arbitratu
1586 2085 1656 2111 suo
1669 2085 1754 2110 mu·-

283 2126 438 2178 tabant,
478 2123 528 2167 τά
553 2124 639 2167 ἅνω
663 2125 775 2168 κάτω
802 2128 1038 2177 ποιοῦντες,
1078 2128 1133 2165 ita
1158 2131 1203 2166 ut
1225 2128 1265 2166 in
1287 2129 1369 2168 illos
1392 2131 1595 2179 quadraret
1618 2141 1752 2182 paroe-

283 2183 358 2226 mia
385 2180 472 2224 ὂῖνω
500 2185 690 2238 ποταμῶν
719 2185 861 2238 χωρεῖν
890 2181 1060 2239 λέγουσα
1089 2181 1161 2234 τάς
1192 2181 1349 2240 πηγάς,
1377 2186 1447 2229 καὶ
1464 2183 1515 2229 τά
1533 2183 1644 2242 παρά
1658 2181 1753 2228 Ἰου-

376 2352 418 2400 *)
437 2351 532 2389 addit
546 2350 604 2387 Μι
632 2346 750 2392 οὕτως
762 2347 921 2397 περιέχει
934 2348 960 2397 ἡ
976 2350 1080 2398 τρίτη
1093 2348 1243 2395 πεντάς.

635 2394 741 2438 τέλος
764 2398 833 2432 τοῦ
852 2397 978 2439 δεξιοῦ
998 2398 1127 2444 χοροῦ.

379 2443 462 2479 ἴσθι
489 2435 558 2478 οὖν
580 2441 646 2479 καὶ
675 2440 766 2479 αὐτὸ
791 2441 845 2484 εἰς
859 2440 929 2487 τὴν
945 2443 1019 2478 τῶν
1036 2445 1220 2489 κληρικῶν
1242 2441 1439 2490 διάκρισιν,
1484 2439 1620 2490 τὸμὲν
1641 2439 1752 2490 ἅγιον

285 2487 500 2536 εὐαγγέλιον
526 2490 595 2525 τοῦ
620 2487 831 2536 βαιοφόρου
856 2485 1146 2533 ἀναγινώσκεται
1167 2487 1242 2526 ὑπὸ
1266 2492 1334 2526 τοῦ
1347 2490 1677 2536 πρωτονοταρίου,
1705 2485 1751 2524 τὸ

283 2537 353 2581 τῆς
382 2533 540 2581 μεγάλης
562 2532 738 2578 δευτέρας
770 2531 1060 2579 ἀναγινώσκεται
1088 2531 1163 2571 ὑπὸ
1194 2537 1264 2572 τοῦ
1295 2533 1581 2583 ΐερομνήμονος,
1617 2532 1660 2571 τὸ
1683 2535 1751 2580 τῆς

283 2578 442 2627 μεγάλης
456 2579 636 2626 τετράδος
657 2577 944 2626 ἀναγινώσκεται
966 2577 1039 2615 ὑπὸ
1060 2582 1128 2616 τοῦ
1151 2582 1415 2627 σακελλαρίου,
1442 2579 1486 2617 τὸ
1512 2582 1580 2627 τῆς
1591 2577 1752 2636 μεγάλης

282 2624 450 2672 πέμπτης
465 2624 752 2672 ἀναγινώσκεται
773 2622 848 2660 ὑπὸ
862 2626 931 2661 τοῦ
954 2625 1256 2672 χαρτοφύλακος,
1285 2627 1330 2663 τὸ
1351 2628 1420 2664 τοῦ
1434 2625 1596 2673 μεγάλου
1608 2625 1752 2672 σαββα-

284 2684 355 2708 του
372 2670 661 2717 ἀναγινώσκεται
682 2669 758 2707 ὑπὸ
772 2671 842 2708 τοῦ
864 2670 1151 2716 σκευοφύλακος.
1197 2675 1245 2720 τῇ
1260 2671 1350 2722 ἁγίᾳ
1374 2672 1439 2709 καὶ
1459 2669 1598 2729 μεγάλῃ
1620 2682 1750 2714 κυρια-

283 2719 334 2800 a?
356 2719 425 2773 ⁴:033
446 2716 635 2764 πάσχατος
653 2715 941 2765 ἀναγινώσκεται
964 2715 1008 2754 τὸ
1030 2715 1138 2764 ἅγιον
1165 2716 1378 2766 εὐαγγέλιον
1397 2717 1473 2755 ὑπο
1496 2718 1567 2754 τοῦ
1587 2714 1750 2764 μεγάλου

282 2775 304 2799 o
323 2775 412 2798 κονο
442 2775 500 2799 ου.

377 2775 581 2865 ξπιληροίθη
606 2804 631 2846 ὃ
662 2805 788 2855 δεξιός
812 2804 926 2857 χορὸς
946 2806 1012 2846 καὶ
1033 2805 1082 2845 τά
1107 2807 1249 2857 μεγάλα
1270 2806 1437 2858 ὄφφίκια
1457 2807 1532 2846 τῶν
1559 2802 1750 2854 ἐκκλησια·

286 2863 432 2893 συκωνο
