1832 3178
256 205 323 253 66
665 206 862 251 cole
912 182 1319 249 GUROPALATAE‘

255 314 380 371 αὖθις
398 322 464 363 καὶ
484 317 702 374 ἀσπάζεται
715 319 791 363 ’τὸν
810 315 999 376 σταυρόν.
1051 319 1121 362 καὶ
1140 317 1294 369 εὐθέως
1307 315 1468 375 αἶ’ρουσι
1483 320 1625 361 τοῦτον
1637 322 1710 362 τοῦ

253 390 452 443 βασιλέως
480 390 783 446 προπέμποντος
801 387 919 446 μέχρι
939 389 1008 431 καὶ
1026 391 1100 444 τῆς
1119 391 1192 431 τοῦ
1211 387 1427 445 τρικλινίου
1449 384 1584 445 θύρας
1593 417 1608 440 ,
1642 387 1722 430 καὶ.

253 458 372 500 πλέον
397 458 525 500 οὐδέν.

384 524 446 568 ‘H
463 527 508 568 δὲ
529 525 638 568 αι’τιά
660 527 734 567 τοῦ
755 522 825 566 τὸν
844 518 1124 580 ἅρχιδιάκονον
1144 518 1326 580 φελῶνην
1343 521 1448 565 κατὰ
1467 518 1617 578 ταύτην
1635 521 1708 577 τὴν

255 591 397 650 ἑορτὴν
426 601 564 650 φορεῖν
594 594 700 635 ἐστὶν
729 591 855 646 αὕτη,
889 589 951 634 ὅτι
970 590 1074 633 κατὰ
1095 590 1142 633 τὸ
1162 595 1321 648 πρῶτον
1341 591 1381 634 οἳ
1400 589 1707 641 ἓξωκατάκοιλοι
1720 601 1740 635 5

204 666 234 702 Β
259 663 374 716 ἱερεῖς
392 661 619 718 εὖρίσκοντο
639 660 793 716 ἔχοντες
809 660 968 702 ἕκαστοι
984 658 1190 715 ἐκκλησίας
1204 661 1271 702 καὶ
1285 656 1359 701 ὕπ’
1382 659 1531 710 αὐτοὺς
1548 662 1709 716 κλῆρον.

256 731 325 773 διὰ
355 734 471 773 τοῦτο
504 730 607 772 κατὰ
638 729 711 780 τὰς
739 727 918 785 μεγάλας
944 729 1014 770 καὶ
1040 726 1261 782 ἐπισήμους
1282 731 1364 771 τῶν
1387 725 1536 785 ἑορτῶν
1555 725 1710 783 ἡμέρας

254 798 380 841 ὄντων
407 795 576 840 ἑκάστου
605 799 660 848 εἰς
686 797 760 852 τὴν
790 798 896 839 ἰδίαν
926 797 1163 851 ἐκκλησίαν,
1197 794 1218 838 ὁ
1245 794 1495 853 πατριάρχης
1515 795 1587 839 οὐκ
1610 792 1710 850 εἶτεν

252 865 454 923 ὑπηρέτας
484 867 665 920 ἐντίμους
692 864 795 919 μεθ’
829 863 989 907 ἑαυτοῦ.
1055 868 1136 907 τῶν
1157 869 1414 920 πατριαρχῶν
1437 859 1508 907 οὖν
1527 881 1588 915 τις
1606 862 1710 919 ἠθέ-

254 939 373 989 λησεν
410 934 557 985 αὐτοὺς
592 933 802 983 διακόνους
835 931 933 976 εἶναι
965 931 1067 989 πρὸς
1095 932 1141 975 τὸ
1171 930 1378 989 ὑπηρετεῖν
1409 932 1518 991 αὐτῷ
1550 932 1592 974 ἓν
1620 937 1710 982 ταῖς
1721 937 1764 972 10

252 1002 458 1052 τοιαύταις
474 1007 554 1045 τῶν
575 1001 744 1058 ἑορτῶν·
780 1000 803 1043 ὃ
820 1002 871 1056 δὴ
890 1002 957 1043 καὶ
975 1001 1196 1055 πεποίηκεν.
1265 999 1361 1043 ὅταν
1377 995 1448 1043 οὖν
1467 998 1488 1042 ὃ
1510 998 1711 1058 πατριάρ-

250 1088 328 1126 χης
353 1073 561 1128 σφραγίζει
579 1070 675 1121 τοὺς
692 1068 895 1120 τοιούτους
915 1069 1253 1120 ἔξωκατακοίλους
1262 1101 1275 1120 ,
1311 1068 1436 1125 ἤγουν
1454 1067 1482 1124 ἢ
1501 1069 1628 1124 μέγαν
1649 1069 1710 1111 οῗ·-

251 1137 423 1194 κονόμον
441 1139 467 1193 ἢ
483 1140 607 1195 μέγαν
629 1137 891 1194 σακελλάριον
910 1137 936 1192 ἦ
958 1154 1046 1180 τινα
1069 1137 1201 1193 ἕτερον
1217 1138 1259 1188 ἐξ
1279 1137 1433 1188 αὐτῶν,
1468 1143 1576 1179 ποιεῖ
1588 1135 1710 1180 αῧτὸν

253 1214 393 1266 φορεῖν
425 1206 626 1264 φελώνην,
661 1205 717 1257 ὥς
747 1208 814 1248 καὶ
843 1205 1038 1263 πρότερον
1066 1205 1175 1247 καθὸ
1205 1205 1332 1262 ἱερεὺς
1358 1203 1494 1262 ἐφόρει
1503 1237 1516 1258 ,
1551 1204 1599 1247 οὗ
1625 1205 1710 1261 μὴν

253 1277 319 1318 καὶ
341 1275 619 1331 ἔπιτραχήλιον
629 1307 643 1327 ,
672 1275 766 1317 ἀλλ’
789 1272 977 1332 ὡράριον.
1046 1273 1143 1316 ὅθεν
1162 1271 1182 1315 ὃ
1201 1271 1415 1327 βασιλεύς,
1440 1272 1506 1316 ὅτε
1526 1271 1709 1331 προβάλ-
1721 1278 1763 1313 15

199 1354 232 1388 C
259 1348 368 1386 λεται
396 1342 696 1400 ἀρχιδιάκονον,
731 1344 774 1385 ἔκ
806 1347 878 1397 τῆς
908 1340 1097 1398 τοιαύτης
1117 1347 1196 1385 τῶν
1219 1342 1542 1393 ἔξωκατακοίλων
1561 1340 1712 1392 τάξεως

252 1410 308 1462 ὥς
334 1413 595 1468 ἐντιμοτέρων
626 1416 704 1454 τῶν
731 1411 865 1453 ἄλλων
894 1410 1018 1453 ὄντων
1043 1409 1315 1467 προβάλλεται
1339 1414 1506 1462 τοῦτον,
1541 1411 1609 1452 καὶ
1637 1410 1711 1452 οὐκ

252 1480 442 1523 ἄλλοθεν.
511 1480 574 1522 διὸ
597 1482 664 1522 καὶ
687 1480 791 1522 κατὰ
813 1479 883 1522 τὸν
905 1478 1080 1536 ῥηθέντα
1103 1477 1220 1534 λόγον
1239 1485 1362 1536 φορεῖ
1383 1476 1405 1521 ὃ
1432 1477 1712 1534 ἇρχιδιάκονος

252 1546 356 1591 κατὰ
376 1546 525 1602 ταύτην
544 1550 610 1590 καὶ
629 1547 756 1602 μόνην
775 1548 848 1602 τὴν
867 1552 940 1601 τῆς
958 1545 1416 1603 σταυροπροσκυνήσεως
1433 1545 1575 1603 ἑορτὴν
1593 1546 1636 1589 ἓν
1652 1549 1711 1605 τῷ

252 1618 435 1674 παλατίῳ
470 1615 674 1673 φελώνην,
710 1618 777 1658 καὶ
810 1616 884 1658 οὐκ
912 1614 1056 1657 ἄλλοτέ
1080 1631 1189 1658 ποτε.
1258 1616 1292 1657 εἰ
1320 1615 1364 1657 δὲ
1393 1612 1508 1670 τύχοι
1528 1614 1587 1670 μὴ
1610 1612 1765 1661 &imizo

253 1683 534 1742 ιἰρχιδιάκονον
546 1717 559 1736 ,
596 1685 708 1741 φέρει
730 1684 799 1726 τὸν
818 1683 993 1740 σταυρὸν
1013 1681 1034 1726 ὃ
1055 1682 1188 1737 τυχὼν
1209 1681 1407 1733 διάκονος.

386 1752 548 1794 Εἶδέναι
572 1755 637 1795 δεῖ
653 1752 713 1795 ὅτι
731 1750 830 1810 ὑπὲρ
851 1751 947 1807 ὅλης
964 1757 1038 1807 τῆς
1055 1749 1172 1807 ἁγίας
1187 1753 1253 1793 καὶ
1268 1749 1445 1807 μεγάλης
1460 1766 1710 1807 τεσσαρακο-

341 1883 365 1917 2
387 1881 571 1925 τρικλίνου
594 1893 713 1927 margo
735 1881 765 1916 P
913 1881 934 1916 5
957 1877 999 1922 ’ἐξ
1021 1877 1233 1915 κατάκοιλοι
1254 1879 1314 1915 ΑΒ
1452 1880 1493 1914 11
1518 1876 1711 1920 τοιαύταις

340 1924 497 1971 ἡμέραις
519 1928 593 1962 τῶν
616 1928 646 1960 Β
803 1927 848 1962 12
866 1924 909 1968 ἓξ
930 1926 1170 1965 κατακοίλους
1190 1925 1251 1960 ΑΒ
1405 1925 1451 1960 15
1474 1920 1567 1960 ὅθεν
1588 1925 1656 1961 add
1675 1925 1707 1961 A

249 2051 318 2085 que
346 2051 481 2074 crucem
508 2039 631 2074 adorat
655 2045 690 2073 et
713 2039 905 2080 osculatur-3
939 2049 1039 2084 quam
1058 2039 1176 2073 statim
1194 2038 1320 2073 tollunt
1342 2038 1528 2074 comitante
1549 2050 1622 2074 eam
1643 2039 1710 2075 im·

250 2092 414 2132 peratore
438 2097 546 2130 usque
570 2085 613 2119 ad
636 2085 780 2119 triclinii
804 2085 959 2128 ianuam,
984 2090 1019 2119 et
1042 2096 1111 2118 non
1135 2084 1293 2119 ulterius.

314 2152 323 2157 -
344 2132 459 2165 Causa
489 2136 602 2165 autem
634 2142 697 2165 cur
730 2131 992 2165 archidiaconus
1016 2130 1082 2164 hoc
1103 2131 1196 2165 festo
1219 2131 1311 2165 ferat
1336 2130 1485 2165 casulam
1506 2130 1709 2165 sacerdota-

250 2176 336 2221 lem,
374 2183 427 2210 est
451 2176 538 2218 ista,
575 2177 658 2221 quia
689 2178 732 2210 ab
762 2176 863 2210 initio
897 2176 1132 2210 exocatacoeli
1161 2178 1362 2210 sacerdotes
1383 2178 1447 2211 sub
1471 2188 1510 2211 se
1534 2176 1710 2212 habebant

252 2222 412 2267 proprias
436 2221 600 2256 ecclesias
625 2228 660 2256 et
682 2223 859 2268 proprium
883 2221 1021 2255 clerum.
1069 2228 1284 2267 quapropter
1312 2233 1386 2256 cum
1416 2221 1549 2266 magnis
1572 2228 1608 2257 et
1629 2221 1709 2256 illu—

249 2268 378 2302 stribus
407 2268 507 2301 sestis
530 2267 677 2312 quilibet
698 2279 763 2302 sua
792 2268 828 2301 in
857 2267 1005 2302 ecclesia
1027 2274 1274 2312 occuparetur,
1308 2267 1507 2312 patriarcha
1540 2267 1708 2302 ministris

249 2312 531 2348 honoratioribus
556 2314 710 2347 carebat.
759 2313 897 2359 quidam
921 2313 1030 2356 igitur
1052 2325 1095 2347 ex
1118 2313 1327 2358 patriarchis
1352 2313 1464 2349 voluit
1485 2313 1564 2348 illos
1587 2313 1707 2348 diaco-

249 2371 313 2394 nos
336 2364 467 2393 tantum
489 2370 584 2403 esse,
611 2359 702 2393 utin
721 2359 914 2394 huiusmodi
937 2359 1038 2393 festis
1061 2359 1130 2404 ipsi
1153 2358 1402 2394 ministrarent.
1449 2360 1542 2404 quod
1565 2363 1603 2393 et
1624 2370 1708 2404 per-

248 2404 348 2438 fecit.
395 2405 532 2449 quando
563 2404 671 2448 igitur
701 2405 896 2450 patriarcha
918 2405 1005 2439 tales
1028 2405 1289 2439 exocatacoelos
1314 2405 1470 2449 ordinat,
1504 2416 1628 2450 nempe
1652 2403 1709 2439 vel

248 2461 409 2495 magnum
441 2461 661 2485 oeconomum
693 2450 748 2484 vel
777 2462 934 2495 magnum
967 2450 1180 2485 sacellarium
1217 2451 1271 2485 vel
1305 2451 1407 2486 alium
1431 2462 1475 2485 ex
1497 2450 1618 2485 horum
1641 2461 1707 2484 nu-

249 2508 366 2539 mero,
399 2496 461 2530 dat
493 2495 526 2530 ei
551 2501 758 2542 potestatem
787 2496 924 2530 ferendi
947 2497 1097 2530 casulam
1126 2497 1394 2539 sacerdotalem,
1426 2495 1707 2541 quemadmodum

249 2548 354 2576 antea
376 2541 538 2576 ferebant
557 2553 634 2576 cum
657 2542 855 2576 sacerdotes
877 2548 1014 2576 essent:
1037 2547 1074 2576 at
1095 2554 1162 2576 non
1180 2542 1300 2576 stolam
1321 2541 1568 2577 sacerdotalem
1586 2552 1706 2575 verum

249 2586 464 2621 diaconicam
487 2594 639 2633 tantum,
674 2587 710 2622 id
733 2594 787 2623 est
809 2587 974 2622 orarium.
1018 2588 1206 2632 imperator
1238 2588 1346 2632 igitur
1376 2587 1513 2633 quando
1545 2586 1707 2630 designat

251 2632 548 2678 archidiaconum,
583 2645 627 2668 ex
655 2634 971 2669 exocatacoelorum
1001 2635 1124 2668 ordine
1145 2640 1307 2678 tanquam
1331 2633 1459 2668 ceteris
1480 2632 1706 2667 honoratiore

250 2690 327 2713 eum
350 2678 530 2722 designat,
559 2691 624 2714 nec
645 2679 783 2714 aliunde
805 2679 960 2714 assumit.
1007 2679 1170 2724 quocirca
1192 2680 1264 2714 fert
1286 2679 1547 2714 archidiaconus
1566 2678 1604 2712 in
1626 2678 1706 2722 hoc,

251 2731 288 2759 et
312 2724 449 2769 quidem
473 2725 568 2769 solo,
602 2725 815 2761 adorationis
838 2725 952 2760 crucis
974 2726 1065 2759 festo
1089 2725 1126 2759 in
1152 2725 1280 2771 palatio
1304 2724 1470 2767 casulamg
1503 2734 1616 2768 neque
1638 2734 1706 2758 un-

275 2781 352 2824 uam
376 2770 477 2806 alias.
523 2771 556 2805 si
579 2782 648 2806 non
670 2772 718 2807 sit
739 2771 1020 2815 archidiaconus,
1055 2777 1139 2806 tunc
1160 2782 1298 2806 crucem
1318 2771 1390 2805 fert
1411 2769 1535 2805 obvius
1560 2769 1708 2814 quisque

275 2827 430 2851 laconus.
1518 2831 1521 2834 ·

342 2863 443 2899 Scire
466 2866 607 2909 oportet
624 2867 700 2899 tota
721 2869 843 2898 sancta
865 2870 903 2898 et
924 2874 1046 2908 magna
1068 2862 1334 2908 quadragesima
1355 2861 1557 2897 sacerdotes
1575 2866 1612 2895 et
1629 2859 1706 2895 dia-
