1832 3178
291 203 387 254 114
509 205 786 250 GRETSERI
802 208 876 250 ET
896 207 1071 251 GOARI
1089 208 1525 253 COMMENTARIUS

290 312 411 367 unius,
435 313 524 358 quod
548 313 661 349 aiunt.
696 314 815 349 classis
837 318 872 348 et
894 314 1035 349 rationis
1057 315 1225 351 censenda
1248 316 1350 351 facile
1372 317 1567 358 credideris,
1613 320 1747 354 exstant

289 370 333 393 ex
358 359 398 392 iis
422 370 597 404 suprema,
630 357 844 405 ἄρχοντίκια
871 359 1030 415 μεγάλα,
1064 362 1166 396 nobili
1197 363 1447 408 praecipuoque
1479 363 1650 398 reddendo
1683 376 1745 410 pa-

289 405 461 439 triarchae
494 406 677 440 ministerio
707 406 891 461 deputata,
924 406 1076 465 iurisque
1112 410 1258 464 populo
1271 409 1464 444 Christiano
1487 409 1620 444 dicundi
1643 421 1744 455 prae-

287 451 454 485 fecturam
487 451 693 486 obtinentia:
731 448 778 486 τοὶ
808 449 878 508 γὰρ
911 449 1124 507 ἄρχονείκια
1147 452 1211 487 καὶ
1237 450 1397 498 ὄφφίκια
1420 455 1485 512 τῆς
1505 453 1664 499 μεγάλης
1687 451 1743 490 ἔκ-

287 496 438 541 κλησίας
459 494 511 536 εἰς
533 494 735 542 ὑπηρεσίαν
757 498 810 542 τῷ
832 494 998 542 οἷρχιερει
1015 495 1181 554 γεγόνασι
1205 498 1269 533 καὶ
1292 497 1344 540 εἰς
1365 500 1483 555 κρίσιν
1505 501 1579 534 τῶν
1602 496 1642 535 ἐν
1676 501 1744 547 βίῳ

285 540 586 587 προσαγομένων.
634 543 698 577 alia
721 549 800 577 sunt
822 544 929 577 minus
952 544 1094 583 nobilia,
1117 541 1331 588 ἄρχοντίκια
1352 542 1484 589 μικροὶ,
1507 550 1652 590 suntque
1675 553 1743 580 tam

287 594 498 642 protopapas
522 600 622 633 quarn
647 589 703 633 qui
725 594 911 634 sequuntur
930 589 1107 624 inferiores
1130 591 1314 633 officiales,
1350 591 1479 626 sinistri
1510 591 1604 626 chori
1636 603 1746 626 asses-

287 645 401 679 sores,
435 634 577 668 maiores
610 635 771 679 siquidem
806 636 959 669 dextrum
990 645 1064 669 cum
1097 637 1286 690 patriarcha
1319 637 1474 671 obtinent
1497 641 1532 671 et
1554 638 1744 683 praecipuis

286 681 414 725 ubique
445 680 602 714 coluntur
634 681 832 725 privilegiis.
877 680 970 714 tertii
990 681 1125 715 tandem
1148 681 1285 725 generis
1307 682 1423 718 officia
1442 680 1524 717 λιτά
1548 694 1745 728 nuncupan-

287 730 367 767 tur,
406 726 455 760 ita
479 727 630 760 nimirum
655 731 692 760 ut
715 727 838 760 nullum
862 727 1007 760 habeant
1032 727 1205 770 dignitatis
1231 738 1394 762 annexum
1416 728 1540 782 decus3
1578 740 1638 763 nec
1670 729 1746 763 lites

289 783 363 806 cum
387 772 580 816 patriarcha
604 772 806 806 diiudicent.
845 777 925 806 sunt
947 773 1068 807 etenim
1092 772 1219 827 privati
1251 774 1462 818 patriarchae
1494 773 1652 817 ministri,
1687 785 1743 807 ar-

287 817 504 853 chidiaconus
528 830 568 852 ac
592 819 756 852 secundus
781 819 823 852 ab
848 830 888 852 eo
905 818 1076 853 diaconus.
1125 816 1281 862 ἔξωθεν,
1301 819 1411 874 inquit
1432 823 1536 865 typus
1558 820 1744 854 Allatianus

286 863 321 897 in
344 864 580 908 ΕιιοΙιυΙοςῐο,
605 865 678 898 τῶν
700 860 899 898 δεκαπέντε
923 860 1110 918 ὄφφικίων
1133 863 1195 898 καὶ
1219 844 1450 908 κληρικοὶτων
1473 866 1538 910 τῆς
1555 861 1661 910 ἁγίας
1685 863 1741 899 ἐκ-

285 909 436 954 κλησίας
465 912 566 954 (quae
596 906 811 967 ἄρχοντίκια
824 906 1003 965 μεγαλα,
1040 910 1220 965 primarum
1258 911 1357 944 trium
1380 911 1560 956 pentadum
1582 911 1743 945 diaconos

286 956 505 1012 exornantia)
539 954 714 1010 διώρισαν
750 953 788 988 οἷ
812 952 1019 1011 ἁγιώτατοι
1041 953 1266 1012 πατριάρχαι
1300 953 1515 1012 ἄρχοντίκια
1543 956 1654 1012 μικροὶ
1692 955 1745 995 εἰς

287 999 490 1056 ὑπηρεσίαν
521 1002 586 1046 τῆς
617 999 724 1056 αγίας
753 998 954 1058 ἐκκλησίας.
1001 997 1022 1035 ὁ
1055 999 1167 1045 μέγας
1198 999 1475 1058 αρχιδιάκονος
1482 1001 1546 1037 καὶ
1571 999 1592 1037 ὁ
1617 1003 1739 1036 δευτε-

285 1045 404 1092 ρεύων
426 1048 500 1082 τῶν
523 1045 708 1082 διακόνων
735 1044 829 1081 αὐτοὶ
854 1045 945 1081 εἰσιν
967 1042 1139 1102 ὄφῳίκια.
1186 1053 1221 1081 et
1246 1047 1344 1082 alibi.
1377 1045 1398 1081 ὁ
1430 1044 1542 1104 μέγας
1573 1045 1741 1092 αρχιδιοὶ-

284 1106 361 1130 κων
383 1091 448 1127 καὶ
470 1090 489 1127 ὁ
511 1091 685 1149 δεύτερος
707 1093 780 1127 τῶν
803 1089 990 1126 διακόνων
1014 1090 1058 1127 οὐ
1080 1103 1278 1127 τασσονται
1299 1089 1390 1137 ueto}
1409 1094 1484 1130 τῶν
1500 1091 1742 1140 α’ρχοντικίων

281 1140 351 1186 τῆς
373 1136 482 1184 ἁγίας
504 1134 716 1184 ἐκκλησίας,
740 1134 817 1173 ἀλλ’
845 1135 1004 1183 ὀφφίκιοῖ
1026 1136 1096 1173 εἰσι
1119 1137 1183 1173 καὶ
1204 1136 1314 1183 μόνα.

377 1219 411 1252 p.
437 1207 459 1241 4
481 1218 517 1242 v.
547 1207 580 1241 4.
624 1206 690 1252 τῆς
726 1204 882 1250 μεγάλης
921 1200 1122 1251 ἐκκλησίας]
1163 1205 1312 1240 aedificii
1353 1206 1588 1253 amplitudine,
1628 1206 1743 1241 throni

282 1252 544 1300 praecellentia,
569 1252 792 1287 ministrorum
817 1263 972 1298 numero,
994 1253 1157 1286 redituum
1182 1253 1351 1295 ubertate,
1375 1253 1485 1287 cultus
1509 1252 1740 1287 observantia.

375 1322 420 1357 ib.
443 1332 478 1355 V.
502 1321 535 1355 5.
583 1320 732 1362 πρῶτον
769 1318 852 1363 περὶ
890 1321 964 1354 τῶν
1005 1315 1191 1364 ὂφφικίων
1241 1320 1307 1365 τῆς
1341 1317 1501 1365 μεγαλης
1535 1316 1741 1365 ἐκκλησίας]

282 1367 473 1403 officiorum
502 1377 644 1410 magnae
677 1365 842 1399 ecclesiae
873 1366 1063 1409 catalogum
1095 1366 1191 1410 plura
1217 1365 1296 1401 licet
1325 1371 1502 1401 ostentent
1538 1367 1743 1420 exemplaria
1778 1402 1781 1404 ,

280 1424 372 1456 mss,
411 1423 540 1458 pauca,
580 1422 667 1456 quae
700 1411 847 1444 ordinem
881 1422 921 1445 ac
954 1423 1126 1445 numerum
1162 1411 1301 1446 eundem
1332 1412 1534 1455 observant,
1572 1412 1734 1458 reperias·

279 1459 366 1494 haec
388 1469 499 1492 rerum
524 1458 739 1491 humanarum
766 1457 940 1502 condicio,
971 1463 1009 1490 ut
1038 1457 1255 1492 mutationem
1277 1457 1312 1491 in
1335 1457 1526 1501 ecclesiam,
1549 1459 1627 1503 quia
1650 1469 1742 1492 mor-

279 1505 396 1539 talium
419 1508 536 1537 coetus
559 1507 631 1545 est,
665 1502 766 1536 etiam
789 1485 946 1537 inducat:
978 1504 1063 1536 haec
1097 1514 1209 1537 rerum
1232 1503 1492 1538 novandarum
1481 1515 1515 1537 ιιι
1538 1503 1740 1548 patriarchis

279 1550 401 1593 libido,
425 1553 464 1584 ut
487 1548 655 1593 prioribus
678 1548 828 1582 recentia
843 1548 968 1582 vellent
990 1548 1117 1591 addita,
1141 1549 1286 1593 antiquis
1300 1560 1388 1583 nova
1402 1549 1596 1591 succedere,
1619 1554 1741 1583 cuncta

279 1606 527 1648 nonnunquam
546 1594 801 1636 detruncarent3
841 1606 882 1628 ec
905 1599 944 1627 ut
966 1606 1065 1637 reor,
1089 1606 1132 1628 ex
1157 1606 1271 1630 eorum
1295 1594 1417 1648 placito
1442 1594 1542 1628 fluxit
1564 1598 1602 1628 ut
1625 1606 1739 1628 exem-

278 1642 421 1688 plarium
445 1640 479 1674 in
504 1640 546 1674 iis
577 1640 790 1674 recensendis
819 1640 1017 1684 diversitas,
1049 1651 1090 1673 eo
1125 1640 1215 1685 quod
1241 1640 1380 1674 diversis
1413 1641 1579 1675 aetatibus
1603 1651 1666 1694 pro
1689 1640 1740 1673 di-

278 1699 379 1722 verso
403 1686 570 1721 ecclesiae
593 1686 851 1730 officiorumque
874 1690 966 1719 statu
990 1686 1282 1727 exscriberentur,
1305 1685 1492 1723 emerserit.
1535 1685 1740 1730 integriores

277 1733 523 1778 uberioresque
547 1732 730 1777 permpis?
768 1731 883 1766 brevis
903 1731 989 1765 enim
1012 1735 1084 1774 est,
1108 1736 1247 1766 truncus
1265 1743 1306 1766 ac
1327 1732 1545 1776 imperfectus
1561 1743 1584 1766 a
1605 1731 1738 1765 Codino

278 1783 449 1814 exaratus.
495 1778 556 1811 hos
585 1778 648 1811 tibi
679 1776 785 1812 variis
820 1789 864 1811 ex
898 1788 965 1812 mss
1000 1782 1035 1812 et
1076 1778 1202 1812 nostris
1233 1777 1478 1822 Euchologicis
1508 1778 1740 1824 depromptos,

276 1825 447 1870 gratiores
470 1823 576 1859 multo
597 1824 749 1870 futuros,
774 1823 1021 1869 percurrendos
1044 1823 1172 1869 accipe.

679 1937 744 1982 (ι)
791 1937 874 1972 Ex
914 1937 1155 1972 umens
1193 1936 1330 1972 mss.

362 2014 406 2051 Ὁ
428 2012 495 2062 μέγ
498 2028 542 2057 ας
561 2012 758 2073 οἰκονόμος
767 2017 924 2072 κρατῶν
945 2012 1014 2060 τὴν
1045 2013 1263 2070 οἰκονομίαν
1292 2015 1417 2050 πᾶσαν
1449 2014 1524 2049 τῶν
1542 2008 1734 2070 ἐκκλησια-

274 2063 407 2098 στικῶν
423 2060 667 2107 πραγμάτων·
759 2058 779 2097 ὃ
804 2059 916 2106 μέγας
926 2059 1177 2142 ὁσακελλοὲριος
1201 2056 1412 2116 ἐνεχόμενος
1434 2059 1487 2100 εἰς
1509 2073 1555 2094 τα
1579 2057 1733 2115 ἀνδρῷα

276 2108 342 2145 καὶ
364 2111 556 2153 γυναικεῖα
578 2104 831 2164 μοναστήρια·
926 2105 1074 2162 ομέγας
1095 2103 1324 2162 σκευοφύλαξ
1347 2104 1542 2162 φυλάσσων
1558 2102 1605 2140 τοὶ
1618 2103 1731 2160 σκεύη

275 2155 342 2199 τῆς
367 2151 576 2209 ἐκκλησίας·
671 2151 692 2187 ὁ
724 2150 836 2207 μέγας
868 2151 1102 2208 χαρτοφύλαξ
1132 2149 1260 2196 κριτὴς
1285 2152 1358 2187 τῶν
1382 2149 1479 2186 ὅλων
1500 2149 1731 2186 ὑποθέσεων.

275 2200 341 2236 καὶ
364 2196 466 2241 aegla
490 2199 568 2244 χεὶρ
591 2199 660 2233 τοῦ
680 2196 933 2242 πατριάρχου·
1027 2195 1046 2232 ὁ
1073 2197 1264 2232 σακελλιόυ
1287 2195 1356 2253 τὴν
1383 2193 1515 2255 ἐνοχὴν
1545 2195 1638 2253 ἔχων
1659 2197 1733 2231 τῶν

274 2245 490 2280 καθολικῶν
512 2240 735 2299 ἐκκλησιῶν·
828 2243 848 2280 ὁ
875 2241 1123 2286 πρωτέκδικος
1135 2241 1221 2284 τούς
1227 2241 1452 2302 τπρόσφυγας
1465 2241 1734 2299 αναδεχόμενος

273 2290 339 2326 καὶ
352 2290 486 2335 κρίνων
501 2287 568 2330 τοὶς
581 2287 873 2334 ἐκκλησιαστικας
886 2288 1012 2324 ὑποθ’
996 2302 1096 2329 εσεις.
1197 2283 1301 2324 οὗτοι
1324 2287 1365 2325 οἷ
1382 2286 1665 2333 ἐξωκατακηλοι.

363 2344 491 2390 πρώτη
523 2358 669 2386 πεντας.
761 2345 781 2380 ὁ
814 2358 1115 2390 πρωτονοταριος
1138 2342 1242 2402 θύρα
1264 2346 1339 2380 τῶν
1357 2341 1646 2400 ἔξωκαταιιήλων
1668 2341 1732 2378 καὶ

271 2392 418 2438 πρῶτος
447 2392 521 2426 τῶν
552 2393 831 2448 πατριαρχικῶν
858 2392 1059 2436 νοταρίων·
1151 2388 1171 2425 ὂ
1207 2389 1412 2447 λογοθέτης
1445 2392 1564 2426 ποιῶν
1601 2387 1731 2435 λόγους

272 2433 538 2493 κατηχητικοὺς
560 2434 651 2493 πρὸς
673 2434 738 2472 τὸν
763 2435 875 2482 λαόν,
901 2439 1045 2478 δίκαιος
1067 2437 1134 2470 τοῦ
1158 2448 1414 2494 πατριαρχου·
1506 2433 1526 2473 ὃ
1557 2435 1727 2492 κανστρί-

271 2496 351 2525 σιος
372 2484 517 2527 κρατῶν
539 2480 580 2518 τὸ
605 2482 799 2538 κανστρίον
817 2485 890 2517 τῶν
913 2481 1160 2538 θυμιαματων
1185 2479 1225 2518 ἔν
1247 2486 1329 2523 ταῖς
1351 2482 1612 2539 λειτουργίαις·
1705 2477 1725 2515 ὃ

271 2527 556 2585 ῥἐφερενδαριος
569 2525 779 2585 α’ναφορεύς
792 2530 866 2563 τῶν
886 2526 979 2571 πρὸς
1003 2525 1152 2584 βασιλέα
1176 2539 1424 2586 μηνυματων·
1517 2525 1538 2563 ὁ
1560 2525 1726 2573 ὑπομνη-

269 2587 511 2621 ματογραφος
532 2587 686 2620 γραφων
708 2587 754 2610 τα
775 2572 1020 2619 πατριαρχικοὶ
1039 2571 1301 2619 ὑπομνήματα.

339 2630 518 2687 δευτέρα
539 2643 685 2671 πεντας.
776 2627 795 2664 ὁ
813 2627 1041 2686 ἱερομνήμων
1057 2632 1202 2674 κρατῶν
1219 2628 1262 2666 τὸ
1279 2643 1476 2667 κοντακιον
1491 2626 1533 2665 τὰ
1549 2640 1727 2685 πατριαρ-

266 2675 375 2733 χικόν
407 2674 448 2712 ἐν
479 2680 561 2717 ταῖς
589 2676 848 2732 λειτουργίαις,
883 2675 1077 2732 &xdufvos
1106 2690 1169 2710 και
1201 2690 1267 2717 τας
1299 2673 1484 2732 ἐγγραφας
1506 2676 1579 2715 τῶν
1603 2686 1723 2727 αρχιε-

270 2722 384 2781 ρέων·
478 2721 497 2759 ὁ
518 2719 578 2756 ἐπὶ
601 2735 673 2757 των
699 2721 858 2778 δεήσεων
881 2719 1080 2777 α’ναφέρων
1104 2724 1156 2769 τῷ
1175 2721 1397 2777 πατριάρχῃ
1410 2734 1478 2762 τας
1501 2722 1574 2756 τῶν
1598 2717 1725 2764 δεομέ-

269 2782 345 2804 νων
361 2766 559 2826 αναφοροές
572 2794 582 2812 ,
600 2766 830 2822 πεμπόμενος
853 2765 946 2810 πρὸς
968 2765 1033 2802 τὸν
1059 2758 1208 2814 βασιλέα
1223 2779 1314 2822 μετα
1330 2768 1397 2802 τοῦ
1411 2764 1723 2823 ρεφερενὸαρίου·

326 2812 346 2850 6
367 2811 427 2849 ἐπὶ
443 2815 515 2848 τῶν
533 2812 711 2855 σεκρέτων
726 2814 913 2848 naemu&
929 2811 970 2848 τὸ
989 2812 1254 2869 πατριαρχικόν
1265 2811 1436 2870 σέκρετον
1453 2810 1649 2868 αθόρυβον
1663 2807 1727 2845 καὶ

266 2857 468 2905 ἄτοῖραχοι,
493 2857 649 2904 εἰσαγων
672 2856 758 2900 τοὺς
779 2857 1034 2905 κρινομένους·
1131 2858 1151 2894 ὁ
1175 2857 1236 2897 ἐπὶ
1258 2861 1323 2904 τῆς
1346 2857 1448 2905 ιερόἱς
1469 2855 1726 2898 καταστάσεως
