1832 3178
218 226 250 270 6
641 225 839 270 CODINI
875 223 1272 269 GUROPALATAE

214 333 565 394 μονοβάμβουλον.
703 336 724 382 ὃ
746 341 1042 396 πρωτοπαπᾶς,
1075 335 1229 389 ἔκδικος
1247 339 1315 380 καὶ
1333 340 1493 396 πρῶτος
1510 339 1584 380 τοῦ
1602 333 1682 392 βή-

215 424 344 462 ματος
352 439 365 459 ,
401 409 469 449 καὶ
495 407 630 465 φέρων
648 407 700 450 τὰ
723 408 924 463 δευτερεῖα
943 410 1017 449 τοῦ
1036 405 1262 464 ἀρχιερέως.
1400 405 1421 449 ὁ
1443 403 1683 462 δευτερεύων

215 481 296 519 τῶν
335 475 494 533 ἱερέων,
538 474 750 520 εἰσοδεύων
780 475 876 526 τοὺς
900 475 1016 533 ἱερεῖς
1041 477 1108 518 καὶ
1142 475 1276 533 φέρων
1301 473 1354 518 τὰ
1381 476 1583 531 δευτερεῖα
1608 477 1682 516 τοῦ

214 549 482 602 πρωτοπαπᾶ.
618 542 640 587 ὅ
671 542 913 601 δευτερεύων
937 548 1018 587 τῶν
1048 543 1243 588 διακόνων
1262 547 1422 602 πρῶτος
1441 547 1522 586 τῶν
1541 545 1683 586 κοινῶν

214 611 434 665 διακόνων,
469 613 537 655 καὶ
559 610 772 656 εἷσοδεύων
793 613 889 662 τοὺς
909 610 1132 663 διακόνους.
1692 621 1715 657 5

163 683 193 720 Β
345 679 409 723 ‘H
422 680 577 736 ἑβδόμη
596 680 754 732 πεντάς.
802 679 823 724 ὃ
839 679 1150 738 πρωτοψάλτης.
1285 679 1325 722 οἳ
1345 676 1418 722 δύο
1441 677 1685 733 δομέστικοι,

213 753 287 792 τοῦ
316 747 479 806 πρώτου
509 752 577 792 καὶ
602 755 675 793 τοῦ
698 749 884 808 δευτέρου
903 755 1047 808 χοροῦ.
1184 745 1207 791 ὅ
1236 746 1526 803 λαοσυνάκτης.
1660 745 1682 790 ὃ

212 817 502 874 πριμμικήριος
521 821 603 861 τῶν
621 819 915 875 ταβουλαρίων.
1053 815 1075 861 ὅ
1100 816 1236 874 ἄρχων
1256 821 1337 860 τῶν
1357 817 1589 860 κοντακίων.

343 883 406 927 ‘H
429 885 551 943 ὀγδόη
581 885 738 938 πεντάς.
785 885 807 930 ὃ
834 884 1124 944 πριμμικήριος
1142 889 1222 928 τῶν
1242 884 1521 942 ἄναγνωστῶν.
1659 882 1681 926 ὅ

164 960 196 996 C
217 952 394 1007 νομικός.
530 953 552 998 ὃ
582 953 978 1013 πρωτοκανόναρχος.
1116 952 1137 997 ὃ
1167 952 1350 1012 ἔξαρχος.
1487 951 1509 996 ὃ
1539 953 1739 1007 {aenan-10

213 1020 398 1080 σιάρχης.

343 1089 408 1132 ‘H
432 1087 575 1146 ἓννάτη
606 1088 764 1141 πεντάς.
813 1090 851 1132 οἳ
883 1089 1112 1144 δομέστικοι
1135 1093 1217 1132 τῶν
1243 1092 1401 1146 θυρῶν.
1537 1086 1559 1131 ὅ
1575 1105 1682 1147 χαρ-

211 1155 439 1216 τουλάριος.
577 1157 598 1201 ὃ
622 1158 853 1210 δεποτάτος.
989 1157 1011 1201 ὃ
1036 1159 1099 1200 ἐπὶ
1120 1161 1193 1213 τῆς
1212 1158 1374 1208 ποδεάς.

351 1250 437 1291 Καὶ
458 1253 587 1292 ταῦτα
610 1247 662 1292 τὰ
689 1249 863 1308 ὂφφίκια
887 1249 940 1292 τὰ
966 1246 1288 1304 ε’κκλησιαστικά.

94 1389 191 1427 P17
615 1378 1159 1444 Κεφάλαιον
1224 1377 1279 1442 β’
1695 1393 1739 1430 15

217 1463 273 1501 Τὰ
297 1466 374 1503 τῶν
397 1464 633 1514 ὄφφικιαλῶν
654 1468 723 1504 τοῦ
747 1469 931 1505 παλατίου
954 1469 1023 1514 τῆς
1044 1465 1474 1509 Κωνσταντινουπόλεως
1498 1463 1684 1511 ὀνόματα.

349 1564 576 1621 Δεσπότης.
645 1567 868 1621 σημείωσαι
889 1565 950 1610 ὅτι
968 1567 1007 1610 οἱ
1027 1571 1100 1610 τοῦ
1118 1566 1318 1622 βασιλέως
1333 1565 1414 1608 υἱοὶ
1435 1566 1474 1608 οἳ
1492 1563 1686 1609 δεσπόται

212 1633 476 1687 προΐστανται
495 1638 576 1677 τῶν
593 1635 784 1693 ἀδελφῶν
801 1636 868 1678 καὶ
886 1640 967 1678 τῶν
984 1639 1181 1693 γαμβρῶν
1197 1640 1271 1679 τοῦ
1287 1634 1508 1689 βασιλέως,
1537 1636 1682 1678 δεσπο-

213 1704 295 1743 τῶν
314 1703 382 1744 καὶ
403 1702 538 1745 αὐτῶν
556 1701 695 1747 ὄντων.

306 1851 327 1886 1
349 1849 618 1896 μονάμπουλον
638 1853 668 1889 Ρ
807 1854 830 1889 8
851 1852 1036 1897 νοταρίων
1060 1851 1122 1887 ΑΒ
1260 1851 1306 1887 13
1330 1849 1560 1892 δεπουτοὶτος
1580 1851 1611 1886 L

213 1995 326 2031 papas
355 1985 522 2022 defensor
553 1991 589 2023 et
618 1987 751 2035 primus
782 1988 819 2023 in
849 1988 926 2023 loco
951 1987 1095 2030 altaris3
1129 1985 1299 2020 secundas
1322 1997 1344 2020 a
1366 1986 1566 2032 patriarcha
1588 1988 1682 2024 obti-

214 2042 315 2066 nens.
453 2036 624 2069 secundus
650 2033 867 2069 sacerdotum
897 2033 1090 2068 introducit
1123 2033 1193 2075 (ad
1214 2032 1324 2067 altare
1346 2043 1409 2068 seu
1429 2044 1560 2068 sacram
1585 2046 1684 2069 men-

215 2078 314 2120 sam)
347 2079 566 2124 sacerdotes,
600 2085 636 2114 et
668 2081 839 2114 secundas
872 2091 893 2115 a
925 2084 1121 2125 protopapa
1143 2082 1254 2113 tenet·
1391 2080 1618 2115 secundarius
1641 2093 1685 2116 ex

215 2121 372 2203 gffaconis
395 2125 527 2169 primus
551 2131 606 2161 est
629 2125 722 2160 inter
745 2138 941 2160 communes
963 2125 1149 2169 diaconos,
1185 2129 1222 2159 et
1243 2122 1435 2159 introducit
1458 2126 1528 2170 (ad
1548 2125 1684 2172 altare)

242 2179 396 2203 lacunos-

309 2214 487 2261 Septimus
510 2215 706 2262 quinarius.
750 2215 997 2263 protopsaltes.
1127 2214 1196 2250 duo
1219 2215 1418 2260 domestici,
1441 2216 1546 2263 primi
1568 2220 1605 2253 et
1626 2230 1685 2254 se·

216 2259 322 2294 cundi
359 2261 470 2296 chori.
611 2263 671 2308 qui
708 2263 874 2309 populum
912 2264 1096 2299 convocat.
1233 2262 1453 2308 primicerius
1489 2264 1684 2300 tabulario-

215 2316 305 2340 rum.
443 2309 643 2353 praefectus
667 2309 850 2343 contaciis.

308 2352 466 2388 Octavus
494 2354 687 2400 quinarius.
760 2352 952 2389 rimicerius
974 2353 1156 2387 lectorum.
1292 2353 1460 2390 nomicus.
1598 2367 1682 2403 pro-

215 2399 486 2434 tocanonarcha.
625 2412 728 2435 exarc
754 2412 808 2435 us.
946 2398 1193 2434 ecclesiarcha-

239 2461 249 2472 ·
307 2444 432 2480 Nonus
449 2445 643 2490 quinarius.
691 2444 898 2481 domesticus
918 2445 1096 2480 ostiorum.
1212 2443 1456 2482 chartularius.
1571 2447 1683 2493 depu-

215 2491 324 2523 tatus.
462 2492 661 2538 praefectus
686 2492 876 2538 pavimenti
901 2490 1146 2535 (caudatarius
1156 2490 1187 2536 J.

309 2557 360 2593 Et
383 2557 471 2595 haec
492 2565 575 2596 sunt
596 2560 715 2596 officia
737 2559 987 2597 ecclesiastica.

788 2672 1018 2729 Caput
1074 2676 1112 2716 2.

578 2752 730 2789 Nomina
751 2750 957 2798 officialium
977 2749 1111 2795 palatii
1132 2749 1325 2796 Gpolitam‘.

306 2840 476 2889 Despota.
525 2843 676 2878 observa
699 2843 757 2878 hic
778 2843 870 2878 filios
892 2841 1137 2887 imperatoris,
1168 2841 1199 2876 si
1222 2841 1293 2876 sint
1315 2841 1502 2886 despotae,
1534 2851 1680 2887 praece·

216 2885 299 2923 dere
324 2889 452 2924 fratres
477 2893 513 2924 et
534 2901 683 2934 generos
706 2888 947 2936 imperatoris,
977 2887 1059 2922 licet
1080 2886 1151 2934 ipsi
1174 2899 1314 2934 quoque
1335 2887 1406 2923 sint
1428 2888 1609 2934 despotae.
