1864 3164
315 183 413 230 266
516 184 791 229 GRETSERI
814 184 886 228 ET
910 183 1086 229 GOARI
1106 184 1542 230 COMMENTARIUS

421 307 458 347 p⁴
473 294 526 338 87
542 308 574 334 v.
595 297 655 336 11.
686 294 869 348 palaticia]
898 292 1025 333 Iunius
1042 289 1290 347 οἷπελατίκια,
1310 300 1349 336 et
1366 297 1630 349 interpretatur
1647 310 1756 350 prae-

311 351 434 402 longas
455 353 574 391 hastas
587 355 656 390 sive
678 356 813 398 contos,
843 365 926 402 quos
956 354 1106 390 sarissas
1134 357 1260 391 vocant
1286 352 1511 392 Macedones.
1540 354 1607 391 sed
1629 353 1756 404 legen-

309 408 398 445 dum
427 409 635 448 πιλατίκια.
665 407 888 458 probabilius
926 411 1172 446 commentum
1204 409 1356 460 fuisset,
1385 410 1418 447 si
1445 409 1515 447 hoc
1543 423 1676 448 nomen
1706 409 1754 448 ab

310 460 519 503 ἀπελαύνω
544 464 773 515 deduxisset,
800 465 905 514 quasi
933 463 1059 502 hastas
1081 464 1273 515 abigendis
1299 465 1507 504 hominibus
1536 478 1580 504 ac
1595 466 1678 505 viae
1696 466 1755 505 fa·

305 520 457 558 ciendae
470 521 634 558 idoneas.

395 584 479 620 ibid.
522 582 708 618 πιλατίκιοι
747 583 902 620 militaria
935 584 1002 630 pila
1033 584 1154 631 quibus
1185 584 1347 619 vexillula
1387 584 1460 619 siva
1496 584 1598 620 exilia
1629 585 1753 620 vexilla

305 633 383 661 sunt
403 629 519 666 affixa.
545 630 630 663 hanc
647 630 886 675 expositionem
904 635 1021 665 auctor
1036 631 1190 676 suggerit
1211 634 1376 675 sequente
1395 629 1505 675 capite
1531 643 1562 676 p.
1586 631 1632 666 53
1655 629 1698 665 15
1717 635 1755 665 et

305 685 341 719 p.
368 674 412 708 54
421 675 491 753 ¹²11.
516 674 575 709 alii
599 675 713 710 clavas
734 681 911 721 argenteas
931 680 967 711 et
987 686 1106 711 aureas
1128 675 1330 723 principibus
1360 675 1524 722 praeferri
1546 675 1667 711 solitas·
1687 687 1752 710 ex-

306 730 418 764 ponun
438 744 446 752 .

417 778 465 819 ib.
495 790 529 818 v.
562 780 623 819 13.
651 779 803 831 cappas]
832 782 1005 832 cappasia
1032 795 1056 820 a
1077 795 1199 833 ¹cappa
1227 781 1390 819 formant
1419 779 1579 818 iuniores
1607 779 1750 818 Graeci.

306 834 499 872 Germanis
525 837 581 873 ein
607 835 762 887 kappen,
793 850 860 887 pro
887 839 1048 888 tegmine
1073 839 1215 890 capitiS.
1244 849 1313 875 nec
1338 836 1469 874 dubito
1493 848 1619 874 vocem
1637 849 1750 887 cappa

303 903 373 940 pro
402 890 499 941 pileo
528 892 704 942 originem
731 894 863 931 ducere
893 907 915 931 a
940 893 1076 932 Latino
1107 898 1223 944 caput.
1252 893 1450 942 aliquando
1477 904 1595 942 cappa
1622 895 1751 930 assuta

304 950 362 983 est
390 948 505 996 vesti,
541 952 584 985 ut
610 953 765 999 apparet
792 950 831 987 in
856 951 1018 988 vestibus
1049 950 1283 999 monasticis,
1318 953 1358 987 et
1395 948 1466 987 toti
1493 949 1588 986 vesti
1613 960 1750 986 nomen

299 1003 418 1095 lindit:
467 1004 667 1054 aliquando
709 1018 732 1044 a
765 1006 984 1044 vestimento
1020 1007 1209 1058 seiuncta,
1254 1006 1372 1043 instar
1411 1004 1655 1043 communium
1690 1004 1748 1055 pi·-

314 1071 451 1097 eorum.

390 1124 473 1158 ibid.
514 1124 625 1169 pileus
656 1124 788 1170 quidem
819 1130 873 1161 est
907 1122 1112 1169 καποῖσιον,
1164 1129 1202 1160 nt
1230 1136 1294 1159 nec
1333 1136 1444 1171 cappa
1490 1135 1553 1158 nec
1588 1122 1747 1165 cucullio,

301 1167 360 1202 sed
387 1170 444 1213 qui
475 1180 552 1203 oras
579 1171 836 1216 circumquaque
865 1172 1034 1217 expandit.
1082 1171 1199 1206 Simon
1227 1170 1362 1210 Portius
1394 1182 1437 1204 ex
1465 1180 1526 1203 ore
1553 1168 1750 1204 attestantis

302 1213 410 1257 vulgi=
437 1214 577 1250 κακοῖσι
606 1216 760 1260 navata,
784 1213 959 1261 πέτασος,
981 1216 1118 1262 πίλημα
1143 1222 1208 1254 etc.
1236 1218 1399 1262 galerus,
1428 1215 1567 1259 canisio,
1595 1219 1749 1259 petasus,

295 1259 408 1339 pileus
432 1265 496 1295 etc.
541 1260 619 1294 vide
644 1266 796 1305 petasum
825 1262 888 1296 dici
915 1262 972 1307 qui
994 1262 1153 1308 expansis
1170 1262 1237 1296 oris
1257 1263 1418 1306 praebeat
1435 1261 1656 1305 undequaque
1672 1270 1747 1294 um-

321 1315 402 1339 ram.
451 1305 635 1339 huiusmodi
659 1318 741 1340 vero
766 1307 870 1341 fuisse
891 1307 924 1341 in
951 1319 1012 1342 usu
1037 1308 1203 1342 nonnullis
1225 1308 1302 1341 hinc
1319 1311 1412 1340 retro
1427 1305 1592 1349 saeculis,
1623 1305 1748 1340 docent

295 1350 506 1385 cardinalium
529 1352 640 1396 petasi
664 1357 699 1385 et
725 1355 860 1398 antiqua
883 1353 1045 1398 pictorum
1067 1354 1207 1388 heroum
1232 1357 1458 1388 monumenta.

406 1420 451 1457 ib.
480 1432 513 1457 v.
545 1418 607 1460 14.
636 1419 766 1458 loricas
785 1422 963 1473 κλίβανα.
991 1419 1036 1462 τό
1060 1423 1273 1474 κλίβανον,
1296 1417 1525 1472 κλιβάνων,
1555 1420 1744 1468 clibanum,

291 1476 413 1515 lorica.
453 1474 533 1515 Leo
555 1476 760 1514 Constitut.
789 1480 836 1518 6:
877 1477 913 1517 εἰ
940 1476 1111 1519 δυνατόν
1146 1476 1187 1517 δὲ
1220 1476 1286 1516 καὶ
1314 1473 1502 1528 θώρακας
1530 1474 1651 1527 ἔχειν,
1682 1475 1744 1515 οἷ’-

291 1547 393 1578 τινες
408 1534 617 1571 καλοῦνται
643 1535 720 1572 νῦν
740 1529 936 1584 κλιβᾶνια.
971 1535 1056 1572 vide
1086 1533 1304 1584 Rigaltium.
1352 1532 1560 1571 Alexander
1584 1533 1745 1570 Severus

291 1589 391 1638 apud
424 1587 693 1639 Lampridium:
730 1590 1049 1640 cataphractarios,
1090 1604 1175 1641 quos
1206 1589 1332 1627 Persae
1363 1590 1574 1627 clibanarios
1600 1591 1740 1636 vocant,

290 1644 403 1681 decem
422 1645 522 1682 milia
541 1647 578 1683 in
597 1645 683 1682 bello
697 1646 947 1694 interemimus,
977 1659 1092 1684 eorum
1111 1647 1218 1684 armis
1241 1649 1374 1684 nastros
1399 1647 1623 1683 armavimus.
1651 1643 1743 1682 Am·-

289 1700 430 1737 mianus
460 1700 484 1738 l.
519 1701 588 1740 16:
616 1703 796 1752 sparsique
820 1702 1043 1754 cataphracti
1061 1704 1211 1753 equites,
1238 1715 1320 1752 quos
1342 1701 1551 1740 clibanarios
1572 1700 1742 1738 dictitant

292 1755 441 1804 Persae,
471 1757 651 1795 thoracum
669 1760 797 1795 mmn'ti
816 1759 1022 1807 tegminibus
1050 1762 1084 1796 et
1105 1758 1220 1796 limbis
1226 1758 1356 1809 ferreis
1383 1759 1510 1807 cincti,
1537 1761 1578 1796 ut
1600 1756 1742 1795 Praxi-

289 1812 368 1850 telis
390 1825 494 1851 manu
507 1813 622 1864 polita
643 1813 791 1852 crederes
810 1814 1000 1852 simulacra
1014 1844 1025 1862 ,
1050 1828 1115 1852 non
1133 1817 1236 1852 viros.

381 1893 465 1928 ibid.
515 1894 584 1927 Leo
611 1894 757 1928 constit.
800 1893 840 1929 52
873 1891 1044 1940 κλιβάνια
1076 1894 1210 1939 σιδηροῖ
1245 1888 1271 1938 ἢ
1299 1891 1364 1928 καὶ
1398 1890 1437 1931 ἐξ
1478 1887 1604 1934 ἑτέρας
1634 1887 1734 1935 ὕλης.

292 1943 371 1971 sunt
387 1938 503 1983 itaque
527 1939 583 1972 vel
606 1940 714 1972 bellici
741 1940 915 1981 thoraces,
941 1940 997 1973 vel
1020 1940 1286 1984 superinduenda
1308 1939 1499 1972 thoracibus
1525 1949 1624 1981 saga,
1648 1947 1738 1981 quae

290 1979 414 2017 ἐπάνω
442 1984 597 2027 κλίβανοι
620 1986 700 2017 dicit
721 1985 862 2018 Nicetas
886 1985 1049 2019 Manuelis
1076 1985 1099 2018 l.
1122 1986 1154 2021 6.
1200 1984 1255 2018 hic
1279 1990 1408 2018 vestem
1428 1983 1581 2017 leonibus
1600 1981 1737 2027 pictam,

261 2035 264 2037 ’
287 2039 354 2061 non
380 2035 599 2070 armaturam,
624 2029 764 2074 quilibet
785 2029 952 2073 intelligit.

397 2104 445 2140 ib.
473 2115 506 2140 v.
537 2103 600 2142 16.
629 2102 828 2152 cortinarii]
863 2115 887 2140 a
907 2107 998 2140 corte
1025 2114 1090 2140 seu
1119 2106 1236 2150 curte,
1264 2115 1389 2151 scena,
1415 2101 1640 2140 tabernaculo
1667 2114 1734 2140 seu

286 2161 449 2196 tentorio.-
476 2158 547 2196 hoc
560 2159 655 2195 enim
675 2163 733 2196 est
753 2156 881 2209 κόρτη.
912 2159 1021 2195 etiam
1049 2172 1116 2208 pro
1136 2159 1282 2208 integra
1310 2158 1394 2196 aula
1419 2158 1649 2208 imperatoris
1669 2163 1735 2197 aut

284 2215 383 2264 regis
412 2215 608 2265 accipitur,
636 2227 713 2251 non
737 2218 883 2251 tantum
911 2227 979 2264 pro
1013 2227 1122 2252 scena
1150 2228 1215 2252 seu
1246 2216 1419 2253 tentorio.
1456 2215 1541 2251 hinc
1574 2217 1732 2262 cortesia,

283 2271 401 2309 aulica
419 2271 617 2308 urbanitas.
647 2271 826 2308 cortesisclz
844 2270 978 2320 aulice,
1006 2271 1156 2309 urbane.
1185 2272 1222 2308 in
1244 2270 1386 2321 legibus
1408 2270 1653 2309 Alemannicis
1674 2274 1734 2308 est

284 2327 414 2364 titulus
432 2327 474 2365 de
486 2340 522 2364 eo
537 2330 599 2378 qui
615 2328 652 2364 in
670 2330 764 2364 curte
780 2329 874 2375 regis
893 2327 1033 2377 furtum
1048 2329 1269 2375 commiserit,
1299 2332 1338 2365 et
1359 2327 1400 2365 de
1422 2341 1460 2364 eo
1487 2329 1550 2378 qui
1569 2329 1607 2364 in
1635 2332 1733 2365 carte

285 2384 385 2420 «lucis
413 2383 578 2421 hominem
601 2383 772 2420 occiderit.
810 2382 992 2432 significat
1022 2383 1133 2420 etiam
1161 2383 1302 2433 villam,
1329 2386 1508 2432 castrum,
1539 2382 1730 2433 oppidum.

281 2439 315 2476 F
316 2439 536 2476 lodoardus:
565 2439 705 2490 quidam
720 2439 898 2489 presbyter
912 2438 953 2475 de
967 2438 1119 2476 Bavonis
1137 2443 1252 2477 curte:
1281 2442 1333 2477 sic
1350 2441 1437 2477 enim
1460 2439 1551 2476 villa
1572 2442 1731 2477 vocatur.

283 2495 508 2532 Godefridus
534 2494 733 2533 monachus
760 2494 797 2531 in
825 2493 1051 2531 Annalibus:
1080 2498 1116 2532 in
1141 2495 1294 2546 quadam
1316 2499 1412 2534 curti
1431 2494 1670 2532 monachorum
1687 2494 1731 2531 de

281 2550 403 2589 Evera
437 2552 560 2590 latens.
602 2551 642 2588 in
670 2550 869 2602 diplomate
899 2549 1094 2588 Ludovici:
1135 2553 1260 2589 curtim
1288 2555 1442 2590 nostram
1478 2549 1658 2599 Turegum
1689 2551 1728 2588 in

283 2607 417 2644 ducatu
435 2608 680 2654 Alamannic03
710 2606 772 2644 ubi
790 2607 924 2644 clarum
942 2619 1011 2657 pro
1019 2619 1115 2657 pago
1128 2607 1185 2644 vel
1205 2607 1328 2659 oppido
1349 2606 1528 2657 usurpari.

374 2687 458 2722 ibid.
483 2685 726 2732 κορτινοὶριοι]
749 2687 883 2734 quinam
902 2685 988 2730 sint,
1013 2690 1131 2722 auctor
1153 2687 1293 2734 exponit
1313 2687 1464 2722 inferius.

396 2764 493 2800 Sunt
526 2768 566 2802 et
602 2763 829 2817 κορτελὶνοι.
872 2774 959 2799 cave
992 2763 1196 2801 confundas
1225 2776 1307 2801 cum
1341 2762 1563 2812 cortinariis,
1600 2766 1727 2800 monet

283 2817 532 2870 Glossarium,
569 2820 655 2870 quia
692 2821 752 2858 isti
776 2819 994 2858 honoratum
1020 2831 1151 2857 munus
1182 2819 1361 2870 obibant,
1382 2818 1433 2856 illi
1459 2818 1540 2856 vile.
1570 2818 1727 2857 Glossae
