1832 3178
259 195 327 244 64
683 196 882 242 CODINI
916 187 1316 241 CUROPALATAE

259 316 438 356 καλεῖται
464 306 667 369 γρανᾶτζα
678 342 693 363 ,
727 308 784 362 ὥς
814 309 990 368 εἴρηται,
1019 310 1066 355 τὸ
1095 310 1140 355 δὲ
1163 313 1243 355 τῶν
1269 306 1474 367 ἀρχόντων
1503 311 1720 363 λαπατζᾶς.

260 380 369 432 ὅπως
393 380 462 432 δέ,
497 378 649 435 ἄδηλόν
673 381 792 422 ἔστιν.

395 450 481 492 Καὶ
499 448 543 508 ,οἳ
564 449 638 503 μὲν
659 447 776 490 ἄλλοι
797 445 989 506 ἄρχοντες
1011 445 1140 492 οὕτω·
1174 452 1247 491 τοῦ
1271 447 1315 490 δὲ
1336 444 1514 504 μεγάλου
1536 447 1724 502 δομεστί-

259 535 333 562 κου
365 519 434 560 καὶ
464 516 563 560 αὐτὸ
593 520 713 560 τοῦτο
744 520 965 574 φοροῦντος
990 515 1207 572 ἐζωσμένον
1235 515 1340 558 κατὰ
1356 515 1453 566 τοὺς
1472 515 1642 567 ἄλλους,
1675 514 1723 558 τὸ

260 588 334 642 μὲν
354 583 397 628 ’ἐν
415 591 496 629 τῶν
518 588 592 628 τοῦ
612 582 796 628 τοιούτου
820 584 1002 638 λαπάτζα
1023 586 1217 640 μανικίων
1239 583 1296 628 ξ’νι
1317 583 1641 641 ἐμπεπηγμένον,
1675 583 1722 626 τὸ
1735 592 1757 627 5

261 656 306 698 δὲ
340 656 475 713 ἕτερον
507 653 704 711 κρέμαται
734 659 855 710 τιμῆς
886 654 1020 708 ἕνεκα,
1055 654 1138 698 ἐπεὶ
1166 657 1241 697 τοῦ
1267 653 1468 708 βασιλέως
1497 650 1724 711 ἀμφότερα,

260 722 317 775 ὥς
342 722 521 781 εἴρηται,
555 722 787 780 κρέμανται.

397 793 481 834 Καὶ
499 790 552 834 τὰ
569 792 643 846 μὲν
664 791 706 834 ἓν
725 796 783 850 τῷ
798 790 980 848 παλατίῳ
995 786 1286 848 ’ὑπηρετήματα
1307 793 1383 833 τοῦ
1403 786 1580 845 μεγάλου
1601 789 1726 842 dopta-

212 868 239 903 B
263 859 400 904 στίκου
431 857 561 902 ταῦτά
589 861 695 914 ε’στι,
730 860 874 911 καθὼς
901 859 1084 915 εἴπομεν,
1118 859 1171 903 τὰ
1189 860 1234 902 δὲ
1251 858 1364 910 ἐκτὸς
1379 858 1473 914 μετ’
1497 857 1630 914 ὀλίγον
1649 855 1726 914 ῥη-

261 927 436 984 θήσεται
455 930 521 971 καὶ
541 926 659 971 αὐτά.
1451 925 1453 927 ’
1737 930 1782 966 10

394 999 504 1040 Ἐπεὶ
530 998 575 1040 δὲ
595 996 617 1040 ὅ
638 996 830 1051 βασιλεὺς
849 992 1034 1046 πεντάκις
1051 998 1126 1039 τοῦ
1143 993 1257 1046 ξ’τους
1274 991 1416 1051 τρώγει
1436 994 1478 1037 ἓν
1497 997 1554 1052 τῷ
1571 997 1726 1050 τρικλι-

262 1067 333 1124 νίῳ
346 1097 359 1118 ,
393 1064 553 1109 πάντων
572 1066 879 1123 παρισταμένων
895 1063 1099 1122 ἀρχόντων
1118 1065 1185 1107 καὶ
1203 1063 1472 1118 ἔνδεὸυμὲνων
1491 1060 1543 1106 τά
1559 1079 1602 1106 τε
1623 1078 1726 1106 σκα-

263 1133 409 1191 ράνικα
429 1136 496 1177 καὶ
516 1135 568 1176 τὰ
590 1133 800 1190 καββάὸια
822 1133 977 1186 αὐτῶν,
1006 1132 1130 1188 ἤγουν
1150 1133 1255 1176 κατὰ
1274 1133 1347 1188 τὴν
1367 1131 1510 1190 ἑορτὴν
1528 1135 1601 1186 τῆς
1616 1133 1726 1186 Χρι-

262 1208 362 1246 στοῦ
390 1201 630 1259 γεννήσεως,
664 1207 744 1246 τῶν
774 1201 945 1259 φώτων,
980 1201 1083 1244 ἀλλὰ
1108 1201 1160 1256 δὴ
1184 1203 1351 1244 καὶτῶν
1372 1203 1524 1256 βαΐων,
1557 1203 1631 1255 τῆς
1650 1215 1727 1254 με·

262 1270 388 1328 γάλης
407 1276 599 1329 κυριακῆς
618 1275 692 1314 τοῦ
712 1269 850 1326 πάσχα
871 1272 938 1314 καὶ
962 1275 1034 1314 τοῦ
1065 1268 1179 1326 ἁγίου
1207 1268 1458 1325 πνεύματος,
1493 1268 1653 1324 εἴπομεν
1680 1267 1725 1310 ds*
1738 1270 1781 1308 15

262 1340 366 1383 κατὰ
396 1341 520 1397 μέρος
546 1342 637 1397 περὶ
662 1344 761 1396 μιᾶς
785 1337 961 1391 τούτων,
994 1343 1066 1394 τῆς
1086 1343 1158 1382 τοῦ
1175 1341 1364 1398 Χριστοῦ
1385 1336 1569 1394 δηλονότι
1587 1333 1727 1394 γεννή-

260 1426 382 1461 σεως,
418 1408 557 1467 ῥητέον
575 1408 656 1465 ἤδη
673 1411 741 1451 καὶ
758 1410 849 1466 περὶ
866 1412 948 1451 τῶν
965 1411 1129 1451 λοιπῶν.

144 1530 243 1565 Ρ96
665 1514 1201 1581 Κεφάλαιον
1265 1513 1320 1580 η’.

720 1593 860 1641 Ἐορτὴ
894 1594 970 1629 τῶν
999 1591 1265 1638 Ἐπιφανείων.

388 1668 455 1712 ‘H
479 1670 552 1725 μὲν
584 1665 654 1713 οὖν
683 1674 763 1713 τῶν
794 1670 918 1712 θείων
949 1668 1207 1726 Θεοφανείων
1231 1666 1350 1724 ἑορτὴ
1371 1666 1519 1723 γίνεται
1538 1665 1725 1724 ἂπαραλ-
1737 1671 1783 1707 20

262 1735 419 1789 λάκτως
441 1737 497 1789 ὡς
516 1740 585 1782 καὶ
605 1738 631 1795 ἦ
651 1744 723 1781 τοῦ
742 1741 930 1797 Χριστοῦ
948 1735 1187 1794 γεννήσεως·
1223 1734 1245 1779 ὁ
1268 1736 1311 1779 δὲ
1330 1735 1432 1791 μετὰ
1453 1737 1527 1791 τὴν
1545 1739 1727 1792 λειτουρ-

355 1858 398 1892 11
422 1856 590 1902 τρικλίνῳ
614 1867 732 1902 margo
756 1856 786 1890 P
903 1857 946 1891 16
968 1853 1141 1900 δηλονότι
1164 1866 1218 1889 om
1241 1853 1272 1889 A
1381 1855 1426 1890 17
1447 1849 1521 1898 ἤδη
1567 1851 1608 1888 δὲ
1629 1853 1674 1898 δὴ
1696 1855 1726 1888 Ρ

357 1905 400 1937 18
424 1903 474 1946 η’]
502 1900 528 1936 ε’
552 1903 583 1936 Α
722 1904 765 1938 19
787 1900 872 1945 περὶ
896 1900 1030 1945 ἑτέρων
1054 1898 1248 1944 διαφόρων
1271 1896 1410 1942 ἑορτῶν
1432 1897 1472 1934 ἐν
1495 1912 1519 1933 α
1537 1912 1555 1940 ς
1577 1897 1727 1944 ἀπέρχε-

351 1959 414 1982 ται
437 1945 457 1982 ὁ
483 1946 674 1993 βασιλεύς,
701 1947 737 1982 εἰ
754 1945 924 1992 ἐνδημῶν
945 1948 990 1993 τῇ
1012 1943 1403 1982 Κωνσταντινουπόλει
1423 1943 1630 1991 εὑρίσκεται
1649 1947 1682 1982 Α

262 2050 356 2095 quod
388 2049 579 2095 imperator
611 2052 727 2094 gestat
757 2053 905 2084 vocatur
935 2052 1122 2094 granatzu,
1155 2051 1196 2082 ut
1227 2053 1332 2083 antea
1362 2048 1510 2094 dictum,
1546 2061 1730 2096 procerum

264 2108 349 2131 vero
373 2095 523 2141 lapatza.
569 2095 662 2130 ratio
683 2095 819 2129 incerta
842 2101 910 2130 est.

314 2168 326 2173 -
356 2143 407 2176 Et
439 2141 499 2176 alii
529 2141 668 2186 quidem
701 2141 869 2186 primores
899 2140 950 2175 ita
975 2151 1014 2174 se
1034 2142 1181 2184 gerunt,
1211 2151 1355 2185 magnus
1382 2144 1497 2176 autem
1519 2140 1729 2175 domesticus

264 2188 343 2234 ipse
367 2188 470 2222 etiam
495 2187 561 2221 hoc
588 2192 767 2232 gestamen
790 2188 862 2221 fert
881 2187 1015 2221 cinctus
1039 2186 1151 2220 instar
1173 2186 1335 2220 aliorum:
1369 2198 1489 2222 verum
1521 2187 1633 2222 altera
1655 2198 1728 2221 ma—

265 2235 346 2269 nica
370 2234 530 2279 lapatzae
551 2232 689 2278 cingulo
708 2234 971 2277 constringitur,
996 2231 1107 2266 altera
1122 2232 1231 2266 libere
1246 2233 1433 2277 dependet,
1454 2233 1596 2269 honoris
1611 2245 1727 2278 causa,

264 2292 341 2315 cum
365 2279 587 2325 imperatoris
610 2281 732 2313 ambae
755 2280 910 2313 manicae
935 2279 1176 2324 dependeant,
1208 2284 1247 2313 ut
1270 2279 1397 2313 dictum
1421 2285 1488 2313 est.

354 2327 404 2360 Et
433 2326 520 2360 haec
552 2325 690 2371 quidem
720 2330 802 2359 sunt
823 2325 939 2370 magni
962 2324 1142 2359 domestici
1165 2325 1201 2358 in
1226 2324 1357 2370 palatio
1383 2324 1592 2369 ministeria,
1625 2329 1730 2371 prout

264 2372 507 2418 exposuimus:
536 2383 627 2415 quae
652 2382 736 2406 vero
759 2376 859 2406 extra
879 2371 1043 2416 palatium
1069 2371 1192 2414 obeat,
1217 2371 1319 2415 paulo
1344 2377 1424 2417 post
1447 2376 1675 2417 exponentur.

355 2419 442 2452 Cum
466 2423 579 2452 autem
601 2417 790 2462 imperator
814 2417 1000 2463 quinquies
1030 2416 1067 2450 in
1099 2427 1189 2450 anno
1221 2417 1333 2451 cibum
1360 2423 1473 2452 sumat
1499 2417 1536 2452 in
1562 2417 1728 2461 triclinio,

263 2463 437 2499 universis
461 2464 562 2499 aulae
585 2462 788 2509 proceribus
814 2463 1033 2497 adstantibus
1065 2462 1264 2507 indutisque
1285 2474 1349 2498 sua
1370 2463 1550 2498 scaranica
1580 2467 1614 2498 et
1642 2465 1727 2499 cab-

261 2510 388 2553 badia,
426 2522 551 2556 nempe
573 2509 611 2544 iu
632 2510 724 2544 festo
749 2509 944 2543 nativitatis
969 2508 1118 2549 domini,
1151 2507 1333 2552 luminum,
1366 2510 1572 2554 palmarum,
1603 2521 1728 2554 magno.

264 2556 437 2590 dominica
460 2555 637 2601 paschatis
661 2560 696 2590 et
718 2556 831 2590 sancti
853 2554 1018 2600 spiritus,
1054 2554 1120 2588 iarn
1143 2566 1229 2589 vero
1250 2555 1427 2599 sigillatim
1449 2556 1495 2591 de
1515 2567 1584 2591 uno
1607 2567 1651 2591 ex
1674 2555 1729 2591 his

263 2602 366 2637 festis
389 2602 676 2648 disseruerimus,
701 2606 811 2637 restat
832 2606 872 2636 ut
894 2606 931 2636 et
952 2600 997 2635 de
1020 2599 1166 2646 reliquis
1187 2605 1388 2637 tractemus.

833 2680 865 2723 C
893 2695 916 2721 a
943 2695 968 2736 p
996 2695 1020 2721 u
1047 2687 1062 2720 t
1118 2683 1158 2724 8.

801 2749 941 2784 Festum
963 2747 1196 2792 Epiphaniae.

355 2816 501 2852 Festum
531 2817 672 2853 divinae
701 2817 925 2864 Epiphaniae
956 2816 1077 2851 eodem
1109 2817 1209 2851 modo
1238 2816 1420 2863 peragitur
1440 2827 1509 2861 quo
1533 2815 1727 2852 nativitatis

267 2862 410 2899 domini.
457 2867 611 2900 ceterum
642 2865 859 2902 consecratio
894 2869 932 2900 et
964 2862 1147 2909 adspersio
1182 2874 1295 2909 aquae
1318 2868 1400 2910 post
1420 2862 1594 2909 liturgiam
1618 2863 1659 2897 fit
1681 2863 1726 2898 ab
