1864 3164
325 152 422 196 262
543 150 816 196 GRETSERl
833 150 907 194 ET
929 150 1102 194 GOARI
1120 149 1554 195 COMMENTARIUS

418 270 452 304 p.
469 258 513 294 35
528 270 562 294 v.
579 261 610 295 7.
636 257 699 292 ἵνα
719 255 969 303 δημηγορήσῃ]
994 257 1098 293 verba
1123 257 1235 292 fecero
1259 256 1302 291 de
1321 257 1422 292 rebus
1441 257 1547 292 sacris
1565 257 1609 292 ad
1621 261 1770 294 senatum

330 308 367 338 et
411 305 569 359 populum
603 304 822 348 imperatores
861 303 997 338 Graeci.
1052 303 1277 348 Theophanes
1315 303 1488 348 Cedrenus
1521 303 1675 338 Zonaras
1703 309 1771 339 tam

327 361 425 394 gravi
455 351 568 384 morbo
605 350 764 383 iactatum
798 349 943 382 Leonem
981 348 1175 394 Sapientem
1213 349 1362 382 referunt
1397 345 1445 388 ὦς
1475 345 1527 394 μὴ
1557 349 1773 403 δυνηθῆναι

326 396 570 440 διαλεχθῆναι
592 395 637 439 τῇ
660 390 844 439 συγκλήτῳ
869 390 937 438 τὴν
959 392 1106 438 συνήθη
1130 390 1312 437 διάλεξιν,
1340 390 1365 438 ἣ
1389 395 1556 428 καλεῖται
1575 396 1770 433 σελεντιον.

323 442 529 475 recuduntur
565 440 607 474 ab
641 439 747 473 amico
776 439 964 482 Combefis,
994 450 1078 484 quas
1107 439 1150 472 de
1177 438 1333 481 Christo,
1364 438 1407 472 de
1430 439 1472 474 B.
1502 439 1550 481 V,
1580 439 1624 474 de
1645 439 1773 474 sanctis

328 487 440 531 plures
463 491 605 530 vegetus
628 485 858 530 pronuntiavit
880 496 1060 519 sermones.
1107 484 1299 518 Alexander
1323 483 1419 518 huius
1434 484 1557 519 Leonis
1571 485 1690 526 frater,
1715 497 1774 519 re-

328 534 460 565 ferente
488 531 645 565 Cedreno
659 557 668 569 ,
695 527 771 574 ἅμα
794 527 969 575 Νικολάῳ
991 528 1191 567 καθεσθεὶς
1211 525 1252 564 ἐν
1272 529 1320 575 τῇ
1340 526 1574 576 Μαγναύρᾳ,
1596 530 1775 565 σιλεντίου

328 575 526 621 γενομένου
545 573 614 621 τὴν
637 572 831 619 Εὐθυμίου
852 574 1069 618 καθαίρεσιν
1084 570 1295 619 ἐποιήσατο.
1342 574 1479 608 Manuel
1494 574 1694 617 Comnenus‚
1709 575 1776 610 Ni-

329 630 403 655 ceta
427 623 592 668 scriptore
615 622 648 655 in
674 621 745 655 eius
768 621 840 654 vita
861 621 883 654 l.
911 622 954 663 7,
981 619 1270 676 uoethnrnolovc
1291 615 1399 654 ὤδινε
1419 617 1570 665 λόγους,
1599 615 1664 660 οὕς
1685 631 1775 665 φασι

326 665 487 701 σιλέντια
501 692 511 711 ‚
534 665 598 701 καὶ
615 665 668 707 εἰς
685 663 815 711 κοινὴν
833 662 1032 700 ἀνέπτυσεν
1054 662 1183 709 ακοήν.
1230 665 1274 699 de
1307 665 1425 701 Leone
1454 665 1608 700 Armenio
1641 665 1777 700 dixerat

330 712 424 756 prius
440 712 553 746 brevis
571 717 606 746 et
621 712 753 746 mutilus
768 711 982 745 continuator
997 710 1214 755 Theophanis
1227 708 1268 744 τὸ
1292 708 1391 753 πρωῒ
1411 705 1580 755 ἐποίησεν
1602 708 1777 746 σιλὲντιον

329 754 350 790 ὁ
378 755 458 798 υίὸς
489 758 554 803 τῆς
591 753 785 802 ἀληθείας.
837 757 963 791 idcirco
992 756 1124 791 demum
1148 756 1259 798 ignem
1288 755 1546 800 imperatoribus
1575 755 1778 792 Christianis

331 803 514 848 praelatum
538 803 657 837 asserit
683 803 856 836 Balsamon
880 802 970 846 quod
995 798 1138 846 λαμπάς
1158 801 1422 835 diffamatam&
1442 796 1539 836 ἐστὶν
1561 799 1777 847 ἀξιώματος,

333 854 369 882 et
395 845 664 893 αὐτοκράτορες
685 848 932 894 κατηχητικῶς
953 844 1140 892 ὁμιλοῦσιν
1163 846 1218 892 τῷ
1236 843 1470 895 χριστωνῦμφ
1486 847 1579 895 λαῷ.

422 921 467 955 ib.
491 933 528 958 v,
549 922 582 956 8.
605 917 818 966 εὖεργετήσῃ
843 917 1035 964 ὄφφικίον]
1058 919 1108 953 ita
1131 918 1320 953 Comnenus
1340 919 1491 960 Alexius,
1512 922 1601 954 teste
1621 919 1694 954 filia
1706 919 1778 955 eius

332 965 426 1000 vitae
449 967 470 1000 Ι.
497 968 538 1009 1,
574 962 617 1002 τὰ
652 964 759 1011 γέρας
789 963 951 1012 ἀπέλαβε
981 977 1034 998 πα
1061 962 1085 999 ἀ
1107 965 1175 999 τοῦ
1195 960 1469 1008 αὐτοκράτορος
1492 961 1561 1010 τὴν
1581 965 1651 1000 τοῦ
1670 965 1778 1011 σεβα-

331 1014 420 1050 στοῦ
442 1009 571 1056 ἀξίαν,
593 1008 767 1058 σεβαστός
788 1008 1016 1057 ἀναρρηθεὶς
1037 977 1078 1046 g„
1098 1006 1208 1055 μέσης
1229 1008 1443 1055 συγκλήτου.

443 1088 490 1124 ib.
514 1098 548 1124 v.
582 1089 644 1126 13.
695 1085 966 1138 apocrisiarius]
1004 1088 1062 1123 est
1095 1083 1153 1122 hic
1186 1083 1353 1135 legatus,
1401 1085 1465 1134 qui
1510 1084 1661 1124 alterius
1696 1083 1779 1124 loco

331 1142 545 1192 imperatori
571 1142 711 1191 aliquid
742 1142 936 1194 proponit3
966 1141 1067 1190 quod
1101 1145 1225 1178 tamen
1246 1140 1392 1178 nonnisi
1412 1154 1480 1192 per
1503 1140 1781 1193 protovestiari-

332 1202 419 1246 ten,
447 1202 485 1236 et
508 1198 578 1236 hoc
606 1199 759 1235 absente
782 1211 849 1249 per
877 1210 1052 1246 magnum
1081 1197 1388 1246 hetaefiarcham,
1416 1201 1455 1235 et
1476 1197 1548 1235 hoc
1569 1198 1696 1236 itidem
1714 1197 1781 1235 ab·

332 1259 438 1291 sente
457 1266 523 1305 per
541 1254 783 1305 primicerium
811 1253 915 1291 aulae
934 1254 1010 1291 fieri
1030 1257 1189 1304 poterat.
1219 1266 1307 1290 cave
1325 1258 1449 1291 autem
1470 1266 1518 1291 ne
1536 1253 1583 1291 ob
1602 1254 1782 1304 ambigui-

333 1314 450 1347 tatem
480 1310 611 1348 Graeei
648 1314 771 1347 textus
803 1310 959 1360 primum
988 1309 1312 1360 protovestiariten
1342 1322 1453 1347 crees.
1492 1322 1568 1347 non
1597 1310 1694 1347 enim
1722 1310 1783 1347 hic

332 1378 463 1402 sensus
482 1370 561 1416 est,
586 1368 737 1417 primum
746 1367 1048 1418 protovestiariten
1070 1365 1131 1402 hoc
1146 1378 1266 1415 posse:
1293 1366 1362 1403 sed
1389 1366 1487 1402 inter
1508 1377 1634 1402 omnes
1653 1370 1782 1415 proto-

333 1421 546 1459 vestiariten
573 1424 731 1473 πρῶτον
757 1421 914 1473 primum
939 1423 1027 1458 ante
1051 1432 1177 1457 omnes
1205 1432 1287 1457 esse
1315 1421 1373 1459 cui
1403 1420 1617 1474 imperatori
1642 1421 1781 1471 aliquid

334 1478 373 1514 in
391 1478 572 1528 parastasi
590 1477 822 1532 proponendi
839 1477 896 1514 ius
916 1480 954 1515 et
971 1476 1126 1514 facultas
1140 1479 1329 1529 suppetat.

447 1556 523 1593 Sed
555 1559 598 1594 ut
623 1553 673 1594 ad
704 1555 975 1605 apocrisiarium
1002 1555 1059 1593 vel
1091 1555 1351 1605 apocrisarium
1376 1554 1515 1593 dictum
1546 1567 1570 1593 a
1595 1554 1783 1607 responsis

194 1611 224 1645 P
246 1613 314 1647 209
336 1616 584 1663 revertamur,
610 1615 668 1649 est
693 1612 941 1649 internuntius
966 1624 1185 1662 responsum
1204 1613 1325 1648 ferens
1353 1615 1418 1649 aut
1437 1611 1636 1662 accipiens,
1665 1615 1704 1649 et
1724 1615 1784 1649 est

335 1669 482 1718 legatus
508 1667 564 1705 vel
603 1671 818 1718 procurator
844 1665 1057 1706 conficiendi
1081 1667 1231 1704 alicuius
1260 1667 1399 1717 negotii
1427 1679 1538 1705 causa
1561 1668 1706 1708 missus.
1745 1667 1784 1705 in

336 1724 503 1774 epistolis
518 1725 557 1762 S.
579 1724 781 1773 Gregorius
799 1737 956 1773 magnus
975 1727 1013 1761 et
1033 1723 1093 1761 alii
1111 1723 1271 1762 Romani
1285 1724 1476 1773 pontifices
1495 1725 1785 1774 apocrisarium-um

336 1784 375 1817 et
391 1780 637 1830 responsalium
656 1780 793 1831 passim
814 1780 1019 1817 meminere.
1048 1780 1226 1828 originem
1252 1779 1365 1816 habet
1393 1776 1572 1819 voxdnd
1593 1782 1666 1819 τοῦ
1683 1775 1784 1818 ἀπο-

336 1837 542 1885 κρίνομαι,
575 1836 675 1885 quod
700 1839 758 1873 est
775 1849 969 1885 responsum
987 1836 1081 1874 dare.
1109 1836 1218 1872 hodie
1236 1848 1342 1885 reges
1362 1839 1400 1872 et
1420 1835 1602 1887 principes
1636 1835 1675 1872 in
1701 1834 1786 1871 aula

337 1892 522 1942 pontificis
548 1897 587 1928 et
623 1891 776 1928 aliorum
811 1904 939 1940 regum
967 1904 1055 1927 suos
1093 1891 1231 1928 habent
1258 1891 1420 1940 legatos,
1450 1892 1513 1939 qui
1541 1902 1668 1928 revera
1696 1894 1786 1928 sunt

337 1949 571 1995 apocrisarii,
600 1947 786 1996 responsis
816 1947 975 1983 ferendis
1001 1950 1040 1983 et
1057 1947 1275 1996 accipiendis
1304 1947 1487 1984 destinati.
1530 1945 1615 1983 olim
1635 1945 1786 1984 ecclesia

337 2000 508 2039 Romana
535 2002 572 2038 in
606 2002 807 2052 Cpolitana
827 2002 988 2038 habebat
1015 2014 1123 2038 suum
1147 2001 1420 2051 apocrisiarium
1440 2014 1506 2038 seu
1524 2002 1786 2052 responsalem,

340 2058 459 2106 quiin
489 2057 572 2093 aula
599 2057 828 2106 imperatoris
852 2058 1016 2094 residens
1045 2069 1103 2093 res
1132 2057 1304 2094 ecclesiae
1335 2057 1507 2105 curabat3
1539 2069 1613 2106 quo
1635 2070 1787 2096 munere

339 2113 425 2150 olim
451 2113 489 2149 in
521 2113 604 2150 aula
630 2112 822 2149 Iustiniani
848 2113 996 2149 functus
1019 2115 1078 2149 est
1107 2116 1195 2149 ante
1223 2113 1477 2162 pontificatum
1509 2113 1548 2150 S.
1583 2113 1785 2164 Gregorius

338 2181 505 2218 magnus,
525 2172 564 2205 et
582 2168 638 2232 in..
650 2167 734 2206 aula
760 2180 889 2217 regum
915 2168 1091 2205 Franciae
1109 2172 1311 2219 perpetuus
1341 2173 1421 2206 erat
1444 2169 1719 2221 apocrisiarius,
1746 2170 1786 2207 id

340 2228 399 2262 est
421 2224 644 2276 responsalis
669 2224 902 2273 negotiorum
933 2224 1267 2262 ecclesiasticorum.
1318 2225 1539 2263 Hincmarus
1566 2226 1675 2276 epist.
1701 2226 1729 2266 3
1753 2238 1785 2264 c.

343 2281 397 2320 13
436 2284 476 2318 et
520 2279 593 2320 14:
649 2279 788 2330 quando
837 2279 1082 2318 Constantinus
1132 2293 1285 2330 magnus
1334 2283 1520 2332 imperator
1567 2283 1787 2321 Christianus

341 2336 487 2385 effectus
509 2340 650 2386 propter
678 2347 826 2373 amorem
851 2340 884 2372 et
909 2335 1068 2373 honorem
1099 2335 1173 2374 SS.
1203 2337 1433 2387 apostolorum
1467 2336 1568 2375 Petri
1601 2341 1634 2376 et
1664 2336 1788 2384 Pauli,

344 2405 487 2442 quorum
506 2392 665 2430 doctrina
684 2405 726 2428 ac
745 2393 935 2429 ministerio
952 2393 1002 2429 ad
1021 2392 1154 2430 Christi
1167 2395 1324 2442 gratiam
1343 2394 1563 2445 baptismatis
1580 2395 1791 2432 sacramenti

338 2451 519 2498 pervenit,
549 2448 659 2485 locum
687 2450 720 2484 et
748 2447 858 2485 sedem
877 2460 998 2495 suam,
1026 2449 1140 2485 urbem
1167 2449 1298 2487 scilicet
1322 2449 1536 2495 Romanam,
1558 2462 1674 2500 papae
1704 2448 1787 2487 Sib-

344 2507 458 2540 vestro
485 2503 596 2540 edicto
617 2503 800 2553 privilegii
829 2503 1000 2553 tradidit,
1029 2507 1062 2540 et
1092 2503 1202 2541 sedem
1234 2518 1333 2542 suam
1359 2508 1399 2544 in
1422 2507 1564 2543 civitate
1579 2518 1668 2551 sua,
1697 2516 1787 2555 quae

342 2563 451 2596 antea
480 2559 694 2610 Byzantium
714 2560 927 2606 vocabatur,
955 2561 1102 2597 nominis
1129 2562 1188 2597 sui
1208 2563 1382 2599 civitatem
1400 2560 1598 2611 ampliando
1614 2559 1787 2611 aedifica-

344 2616 419 2661 vit,
449 2618 483 2651 et
511 2618 562 2652 sic
590 2615 800 2666 responsales
818 2619 891 2653 tam
911 2615 1091 2652 Romanae
1111 2616 1201 2654 sedis
1230 2630 1332 2666 quam
1350 2620 1383 2654 et
1407 2617 1558 2654 aliarum
1575 2618 1786 2667 praecipua-

345 2682 422 2707 rum
442 2670 571 2708 sedium
589 2673 627 2707 in
652 2671 789 2721 palatio
806 2685 871 2721 pro
893 2671 1133 2708 ecclesiasticis
1151 2674 1301 2722 negotiis
1328 2673 1564 2720 excubabant,
1593 2671 1786 2722 aliquando

342 2738 404 2776 per
428 2729 620 2776 episcopos,
646 2727 835 2777 aliquando
864 2740 941 2764 vero
959 2740 1021 2777 per
1050 2727 1212 2765 diaconos
1239 2729 1430 2779 apostolica
1457 2727 1550 2766 sedes
1574 2727 1637 2764 Ιιοο
1665 2727 1786 2779 officio

342 2781 583 2830 fungebatur5
613 2795 677 2833 quo
705 2783 818 2833 officio
838 2782 884 2822 B.
914 2784 1102 2833 Gregorius
1131 2786 1167 2822 in
1204 2784 1348 2822 diaconi
1373 2784 1491 2823 ordine
1524 2783 1675 2836 functus
1691 2782 1783 2835 suit.
