1820 3178
122 525 149 559 P
176 525 240 561 188

271 196 368 242 176
471 196 747 244 GRETSERI
768 197 840 241 ET
866 196 1040 241 GOARI
1060 195 1499 243 COMMENTARIUS

703 372 1137 423 CAPUT
1221 373 1284 424 II.

377 545 415 584 p.
435 534 462 575 7
480 542 513 569 v,
540 527 602 570 14.
625 494 784 566 Caesar
802 526 888 566 olim
907 525 1093 579 proximus
1119 525 1167 565 ab
1189 526 1438 580 imperatore,
1458 538 1557 566 nunc
1582 527 1620 568 in
1642 529 1714 574 hoc

262 599 375 627 censu
393 588 495 638 apud
527 583 794 636 Curopalatam
824 584 978 634 tertius,
1008 584 1071 633 qui
1100 585 1228 621 forsan
1256 583 1367 635 paulo
1396 588 1485 638 post
1518 585 1633 623 maior
1654 586 1714 624 vel

260 645 380 686 minor
399 644 490 692 erit,
514 646 626 694 prout
645 641 832 679 Favonius
856 653 901 678 ex
920 639 1058 692 palatio
1090 640 1291 692 Cpolitano
1318 641 1584 695 adspiraverit;
1614 643 1714 681 cuius

262 700 582 751 inaugurationem
602 698 717 739 habes
736 698 832 735 infra
851 711 883 736 c.
901 698 965 738 19.

323 790 326 793 ·
354 776 407 810 Ab
441 774 581 820 imperio
611 773 793 820 potiundo,
826 772 920 806 cuius
950 783 1013 819 spe
1041 771 1190 818 pristinis
1220 772 1364 808 saeculis
1394 773 1592 818 fovebatur,
1628 773 1716 810 Cae·

264 832 376 857 sarem
418 821 517 865 longe
560 819 732 864 ablegavit
770 819 929 861 Alexius‚
978 821 1014 852 et
1052 820 1320 854 sebastocratori
1364 821 1552 875 supposuit.
1585 821 1717 864 longius

265 867 391 902 amovit
422 867 508 902 alter
536 866 695 907 Alexius‚
730 865 894 910 despotae
928 863 1091 908 dignitate
1127 864 1234 898 eidem
1257 866 1462 910 anteposuza.
1505 866 1627 901 tertius
1651 866 1718 900 ita-

265 925 332 958 que
364 913 407 947 ab
438 913 643 958 imperatore
671 910 878 956 temporibus
907 910 1030 944 ultimis
1064 911 1303 945 numerabatur
1334 911 1463 947 Caesar
1511 917 1551 947 ut
1582 913 1718 956 Grego-

266 971 324 994 ras
347 958 398 992 his
421 958 444 992 4
470 961 487 994 1
513 958 628 992 verbis
651 958 863 991 manifestat:
896 952 915 990 ὁ
951 952 1018 1000 μὲν
1050 952 1120 999 γὰρ
1144 955 1444 1003 σεβαστοκράτωρ
1467 937 1505 998 ἒς
1525 953 1568 993 τὸ
1586 957 1718 998 δεσπο-

268 1000 376 1039 τικόν
399 1000 574 1048 ἀνάγεται
595 999 699 1047 παρὰ
721 1002 788 1038 τοῦ
813 998 984 1048 βασιλέως
1001 997 1164 1045 ἀξίωμα,
1193 998 1214 1035 ὁ
1249 998 1292 1049 δὲ
1315 999 1426 1047 μέγας
1449 1000 1661 1047 ὃομέστικος
1683 998 1720 1042 ἐς

267 1047 310 1085 τὰ
335 1049 404 1084 τοῦ
426 1048 634 1094 Καίσαρος,
667 1046 687 1083 ὁ
720 1046 763 1083 δὲ
787 1050 932 1088 Καῖσαρ
955 1045 1033 1088 ἅμα
1053 1048 1110 1094 τῷ
1129 1048 1303 1092 πενθερῷ
1323 1049 1392 1083 τοῦ
1413 1046 1594 1084 δεσπότου
1617 1044 1654 1089 ἐς
1673 1044 1719 1083 τὸ

267 1095 338 1130 τοῦ
364 1093 711 1142 σεβαστοκράτορος.
759 1089 875 1128 ἐποίει
910 1089 943 1127 δ’
971 1089 1148 1138 ἐπίσημον
1175 1089 1246 1137 τήν
1275 1090 1315 1129 ἐκ
1336 1094 1404 1129 τοῦ
1423 1093 1611 1138 πενθεροῦ
1635 1094 1718 1128 δια-

269 1138 415 1186 φοράν,
439 1137 496 1175 ὅτι
518 1137 559 1175 ἐν
590 1144 668 1180 τοῖς
690 1141 843 1180 κυανοῖς
865 1137 1025 1179 πεδίλοις
1048 1136 1112 1173 καὶ
1132 1140 1349 1184 χρυσοϋφεῖς
1363 1135 1467 1187 αὐτῷ
1478 1135 1720 1185 ἐνηρμόζοντο

269 1184 388 1221 ἀετοί.
437 1186 716 1221 sebastocratoris
739 1190 918 1231 praeterea
936 1184 1080 1229 publicis
1105 1185 1139 1219 in
1154 1185 1446 1220 acclamationibus
1459 1185 1556 1220 simul
1570 1197 1645 1220 cum
1658 1185 1719 1220 im·-

266 1232 435 1278 peratoris
466 1233 713 1277 pronuntiatum
744 1242 866 1265 nomen
895 1230 1112 1275 audiebatur,
1151 1231 1243 1276 quod
1275 1231 1429 1276 superior
1454 1231 1648 1267 observatio
1676 1242 1720 1266 ex

270 1278 370 1313 Anna
398 1278 571 1312 Comnena
602 1278 774 1318 declarat,
807 1275 964 1310 Caesaris
991 1287 1170 1321 nusquam:
1207 1277 1241 1310 id
1271 1278 1357 1311 enim
1386 1289 1449 1323 per
1470 1277 1567 1312 unius
1587 1279 1719 1312 tantum

273 1324 352 1357 anni
384 1323 526 1368 spatium
557 1323 675 1358 Alexio
704 1322 803 1355 fratri
837 1322 1004 1356 concessit
1023 1322 1168 1356 Michael
1191 1322 1435 1367 Palaeologus‚
1469 1334 1510 1358 ac
1533 1328 1573 1358 ut
1594 1322 1721 1369 pariter

267 1369 482 1415 imperatoris
510 1380 598 1413 pene
629 1380 719 1402 more
753 1371 951 1412 recuperata
981 1368 1079 1413 cpoli
1107 1368 1313 1413 triumphans
1335 1369 1507 1403 incederet
1529 1373 1721 1410 coronatus,
1777 1365 1779 1367 ’

269 1414 312 1448 de
337 1425 401 1458 quo
429 1415 602 1458 Gregoras
625 1413 753 1448 laudati
776 1412 856 1446 libri
878 1417 963 1447 sect.
986 1415 1030 1449 5:
1056 1410 1232 1455 οἷντάξιον
1254 1411 1444 1448 ἀπέδωκεν
1460 1411 1567 1459 γέρας
1583 1411 1718 1460 Ἀλεξίιρ

264 1460 321 1505 τῷ
342 1459 526 1503 Καίσαρι,
551 1456 609 1494 ὅτι
632 1456 679 1493 δι’
705 1455 821 1493 αὐτοῦ
842 1461 921 1498 τοῖς
937 1456 1134 1503 Ῥωμαίοις
1154 1455 1223 1503 τὴν
1244 1460 1317 1494 τῶν
1339 1456 1482 1495 πόλεων
1505 1457 1717 1506 βασιλεύου-

265 1516 336 1540 σαν
368 1502 388 1539 ὁ
425 1501 516 1544 θεὸς
546 1501 752 1549 ἐχαρίσατο.
799 1500 841 1538 τὸ
873 1501 916 1538 δὲ
947 1498 994 1548 ἦν
1027 1504 1215 1550 θρίαμβον
1236 1505 1536 1550 συγκροτηθ·ἥναι
1557 1506 1719 1539 πολυαν-

266 1548 516 1605 θρωπότατον
539 1549 602 1584 καὶ
626 1547 943 1594 περιφανέστατον
969 1548 1126 1584 κελεύσει
1148 1551 1216 1584 τοῦ
1237 1547 1528 1595 αὐτοκράτορος,
1564 1548 1629 1585 καὶ
1659 1545 1721 1585 ἐπὶ

265 1594 388 1641 τούτῳ
413 1609 482 1631 τον
506 1596 677 1640 Καίσαρα
698 1595 908 1639 πομπεῦσαι
933 1591 995 1630 ἐπὶ
1016 1593 1136 1641 πάσης
1156 1597 1222 1640 τῆς
1245 1595 1406 1640 πόλεως,
1436 1592 1480 1631 οὗ
1506 1593 1622 1641 μόνον
1642 1598 1723 1636 τοῖς

264 1642 335 1677 τοῦ
362 1642 549 1685 Καίσαρος
579 1639 810 1687 παρασήμοις
838 1639 1112 1686 κοσμούμενον,
1148 1638 1241 1676 ἀλλὰ
1276 1639 1368 1685 πρὸς
1389 1639 1535 1682 τούτοις
1556 1639 1619 1677 καὶ
1641 1652 1718 1676 στε-

266 1685 377 1732 φάνῳ
408 1689 605 1722 πολυτελεῖ
628 1686 692 1722 καὶ
721 1687 853 1732 μικροῦ
887 1684 960 1721 δέω
996 1684 1112 1732 λέγειν
1147 1686 1331 1734 βασιλικῷ.
1379 1683 1404 1723 ὃ
1424 1685 1473 1733 δὴ
1496 1685 1561 1722 καὶ
1581 1683 1720 1733 γέγονε.

265 1730 522 1777 προσετετάχει
558 1730 592 1767 δ’
624 1729 685 1767 ἐπὶ
715 1731 861 1773 τούτοις
891 1730 911 1767 ὁ
946 1729 1111 1779 βασιλεὺς
1133 1730 1196 1767 διὰ
1216 1731 1358 1789 μνήμης
1378 1729 1421 1768 τὸ
1443 1734 1512 1768 τοῦ
1532 1734 1720 1777 Καίσαρος

268 1776 389 1823 ὄνομα
424 1776 582 1822 ἄγεσθαι
614 1775 708 1823 ὁμοῦ
739 1781 816 1819 τοῖς
845 1780 918 1813 τῶν
950 1776 1126 1824 βασιλέων
1156 1774 1195 1813 ἐν
1215 1783 1294 1820 τοῖς
1314 1779 1550 1836 υμνητηρίοις
1574 1778 1639 1814 καὶ
1660 1776 1718 1813 εὗ-

266 1822 405 1869 φήμοις
435 1822 576 1868 ἅπασι,
613 1825 783 1869 πανταχῇ
814 1825 881 1869 τῆς
911 1826 984 1858 τῶν
1003 1820 1194 1869 Ῥωμαίων
1217 1821 1449 1868 ἐπικρατειας
1469 1822 1576 1871 ἄχρις
1595 1823 1717 1861 ἐνιαυ-

265 1872 347 1906 τοῦ.
395 1869 460 1905 καὶ
483 1868 530 1904 τοὶ
556 1866 623 1915 μὲν
645 1871 713 1905 τοῦ
735 1869 923 1915 Καίσαρος
945 1866 1178 1916 εὐτυχήματα
1200 1872 1368 1906 τοιαῦτα.

379 1941 425 1978 ib.
443 1953 477 1978 v.
501 1940 561 1981 15.
592 1939 755 1990 Magnus
775 1940 997 1978 domesticus
1019 1940 1077 1977 hic
1092 1941 1220 1979 ordine
1237 1941 1368 1978 tertius
1388 1944 1456 1978 est.
1483 1940 1633 1978 Graecis
1652 1940 1719 1978 do-

268 1996 439 2034 mesticus
452 1997 539 2033 nihil
555 1996 654 2034 aliud
668 2001 727 2034 est
743 2009 856 2045 quain
869 1994 1168 2048 προηγούμενος
1182 1995 1249 2036 καὶ
1268 1992 1474 2048 ἐπιστάτης
1495 2000 1534 2034 et
1550 1997 1589 2034 in
1607 1996 1720 2035 eccle-

266 2053 422 2090 siasticis
442 2053 644 2090 domesticus
661 2053 871 2104 appellatur
885 2049 1056 2106 ἄρχῳδὸς
1069 2051 1136 2091 καὶ
1155 2050 1362 2104 ἐπιστάτης
1377 2054 1579 2109 μελῳδιῶν
1591 2068 1632 2094 τε
1653 2052 1722 2095 καὶ

268 2109 480 2160 μελῳδῶν,
509 2112 551 2145 ut
570 2112 628 2145 est
645 2110 747 2159 apud
766 2109 922 2145 Citrium
942 2109 980 2145 in
999 2108 1226 2159 Responsis3
1247 2110 1294 2146 de
1313 2122 1387 2158 quo
1407 2110 1479 2148 iam
1501 2110 1562 2148 lib.
1586 2111 1609 2150 1
1629 2123 1660 2148 c.
1681 2113 1719 2149 2.

267 2168 312 2202 ut
336 2168 459 2202 autem
490 2164 678 2202 domestici
699 2177 832 2201 nomen
852 2165 1043 2201 sonantius
1073 2169 1192 2214 esset,
1218 2166 1347 2203 vocula
1367 2165 1485 2219 μέγας
1513 2166 1722 2218 appingen-

269 2221 321 2258 ‹la
346 2221 426 2258 fuit.
458 2233 552 2270 quae
582 2221 656 2257 duo
680 2219 806 2258 Latini
830 2221 1015 2258 interdum
1036 2222 1283 2273 coniungunt,
1312 2226 1355 2261 ut
1381 2223 1519 2273 Tyrius
1549 2223 1597 2260 de
1623 2222 1720 2260 bello

269 2289 376 2314 sacro
396 2278 423 2316 2
442 2276 489 2317 5:
519 2290 596 2314 cum
614 2281 699 2314 esset
714 2280 752 2315 in
769 2278 944 2328 imperiali
954 2278 1093 2328 palatio
1109 2279 1296 2329 plurimum
1317 2280 1526 2328 honoratus,
1554 2283 1588 2317 et
1601 2291 1722 2329 mega-

269 2333 449 2371 domestici
465 2333 661 2383 dignitate,
694 2346 791 2384 quem
809 2347 869 2371 nos
893 2337 1054 2372 maiorem
1076 2336 1321 2374 seneschallum
1341 2338 1516 2374 nominare
1545 2337 1722 2374 consuevi-

267 2402 367 2437 mus,
379 2389 610 2439 fungeretur,
637 2390 682 2427 ab
706 2392 911 2441 imperatore
938 2391 1114 2429 secundus.
1144 2392 1228 2430 hinc
1254 2389 1536 2444 δομεστικάτον
1557 2391 1720 2442 dignitas

267 2458 335 2483 seu
354 2446 512 2483 officium
541 2445 740 2484 domestici.
795 2445 905 2484 Anna
933 2447 1124 2485 Comnena
1152 2449 1175 2486 l.
1206 2451 1250 2491 8:
1279 2446 1410 2489 καὶτὸ
1443 2445 1720 2500 δομεστικάτον

270 2498 504 2553 αἰτούμενος
536 2504 607 2554 τῆς
641 2499 833 2554 ἀνατολῆς
871 2499 949 2543 οὐκ
987 2503 1094 2555 ἔτυχε
1125 2509 1195 2556 τῆς
1225 2502 1428 2556 αἰτήσεως.
1457 2505 1572 2544 utitur
1590 2505 1719 2542 eadem

269 2558 400 2596 vocula
419 2558 646 2597 Turonensis
667 2562 693 2600 2
714 2561 757 2600 8:
787 2560 1010 2598 Gaudentius
1026 2565 1130 2611 pater
1151 2562 1322 2612 Scythiae
1340 2563 1543 2613 provinciae
1557 2563 1720 2612 primoris

271 2614 360 2662 loc‘i,
388 2628 413 2653 a
442 2616 669 2654 domesticatu
694 2629 835 2654 exorsus
869 2617 1055 2664 militiam,
1097 2617 1145 2655 ad
1175 2620 1375 2667 magisterii
1402 2620 1557 2668 equitum
1586 2617 1719 2655 culmen

266 2675 446 2721 provectus
461 2676 520 2711 est.
547 2685 673 2710 verum
694 2676 771 2710 tam
788 2671 906 2724 μέγας
925 2673 1144 2711 domesticus
1161 2686 1271 2724 quam
1284 2674 1344 2713 alii
1363 2673 1552 2713 domestici
1570 2672 1718 2725 saepius

267 2727 389 2765 adhuc
407 2728 512 2766 nobis
536 2741 617 2767 sese
636 2730 861 2782 spectandos
885 2729 1118 2768 exhibebunt.

362 2802 441 2837 Non
483 2814 590 2848 unus,
633 2805 692 2840 sed
739 2806 853 2851 plures
890 2805 1083 2848 domestici,
1134 2805 1368 2849 ecclesiastici,
1405 2805 1587 2850 militares,
1632 2801 1717 2838 civi—

272 2847 332 2882 les.
378 2848 433 2883 hic
464 2860 550 2884 unus
582 2851 641 2898 qui
675 2847 806 2897 μέγας,
849 2851 892 2886 de
934 2853 1027 2887 cuius
1065 2853 1196 2888 nomine
1227 2858 1263 2887 et
1295 2851 1407 2887 officio
1437 2863 1545 2898 pauca
1574 2851 1610 2884 et
1643 2848 1719 2883 huic
