1864 3164
335 829 687 900 LIBER
753 830 1304 905 TERTIUS.

581 987 623 1037 c
662 981 942 1039 A'PUT
1025 992 1059 1039 1.

102 1187 109 1190 ,
199 1152 236 1191 p.
247 1135 301 1179 43
309 1139 415 1182 v-15.
429 1139 479 1176 ad
497 1142 574 1177 not.
593 1108 841 1181 Επεῦθεν
864 1140 910 1181 αἱ
929 1138 1062 1194 ἑορταί
1078 1143 1147 1179 etc.
1169 1141 1208 1179 in
1226 1141 1306 1179 cod.
1324 1140 1437 1180 Boico
1454 1142 1544 1181 titu-
1567 1142 1596 1178 P
1617 1144 1685 1181 213

104 1196 162 1234 lus
178 1196 284 1235 huius
301 1199 432 1249 capitis
452 1200 505 1237 ita
525 1199 657 1239 habet:
683 1197 793 1250 τάξις
813 1199 1000 1253 γινομένη
1022 1200 1066 1240 ἐν
1085 1204 1171 1247 ταῖς
1190 1201 1436 1249 δεσποτικαῖς
1456 1202 1546 1256 ἑορ-

104 1256 214 1301 ταῖς,
233 1253 354 1305 forma
376 1255 548 1293 observari
564 1258 668 1296 solita
688 1259 728 1295 in
747 1257 855 1307 sestis
875 1257 1008 1294 Christi
1024 1257 1164 1294 domim’.
1190 1268 1276 1293 nam
1308 1270 1376 1307 per
1403 1258 1547 1298 δεσπο-

102 1306 214 1356 sends
232 1307 366 1361 ἑορτάς
379 1310 587 1361 intelligunt
606 1312 738 1350 Graeci
755 1325 830 1349 non
850 1312 928 1348 dies
942 1313 1163 1362 dominicos,
1189 1312 1256 1350 sed
1276 1313 1372 1351 festa
1394 1314 1546 1352 Christo

104 1364 254 1402 domino
273 1367 422 1416 proprie
442 1367 586 1418 dicata,
615 1380 710 1417 quae
736 1371 824 1404 sunt
841 1367 930 1404 ista:
963 1368 1221 1404 chaeretismns
1248 1368 1325 1405 sive
1350 1371 1548 1408 annuntia-

103 1420 158 1457 fio
185 1420 221 1458 b.
244 1421 416 1471 virginis,
443 1423 616 1460 nativitas
650 1423 810 1471 Christi,
838 1422 1051 1472 hypapante
1076 1423 1154 1460 sive
1177 1423 1380 1472 purificatio
1411 1424 1445 1462 b.
1474 1426 1546 1462 vir-

103 1475 220 1525 giniS,
246 1476 442 1526 epiphania
456 1490 523 1514 seu
543 1478 730 1529 baptisma
759 1478 917 1525 Christi,
946 1478 1095 1526 quando
1114 1490 1136 1514 a
1158 1477 1297 1514 Ioanne
1323 1479 1361 1516 in
1389 1479 1547 1518 Iordane

104 1530 317 1585 baptizatus
351 1536 428 1581 est,
465 1533 738 1582 transfiguratio
775 1532 912 1570 domini
926 1558 939 1581 ‚
983 1532 1212 1570 resuscitatio
1257 1532 1412 1583 Lazari,
1451 1536 1548 1574 festa

107 1585 333 1636 palmarum,
359 1587 450 1636 ligni
478 1601 544 1624 seu
572 1601 601 1626 s.
640 1589 775 1636 crucis,
807 1588 1105 1636 resurrectionis,
1133 1588 1378 1639 ascensionis,
1405 1591 1547 1628 missio-

106 1642 164 1677 nis
196 1654 227 1678 s.
254 1642 427 1692 spiritus,
456 1643 715 1693 assumptionis
747 1644 782 1680 d.
823 1642 984 1691 virginis.
1023 1643 1086 1679 ubi
1115 1655 1181 1693 per
1210 1644 1345 1681 sestiun
1366 1646 1458 1695 ligni
1480 1659 1547 1684 seu

106 1709 136 1734 a.
151 1699 265 1734 crucis
280 1709 360 1734 non
383 1695 527 1736 tantum
549 1699 764 1748 intelligitur
783 1710 980 1748 parasceue
1006 1698 1068 1736 illa
1089 1710 1162 1746 qua
1182 1698 1352 1737 Christus
1381 1701 1420 1737 in
1443 1714 1548 1739 cruce

106 1753 308 1790 exstinctus
326 1756 409 1803 est,
429 1755 496 1791 sed
518 1759 556 1792 et
578 1755 710 1792 festum
739 1754 969 1791 exaltationis
998 1767 1027 1791 s.
1047 1755 1180 1791 crucis:
1210 1767 1294 1793 nam
1325 1759 1364 1794 et
1384 1756 1455 1794 hoe
1479 1771 1550 1796 nu-

106 1811 250 1846 merant
267 1808 399 1846 Graeci
416 1813 455 1846 et
473 1810 554 1862 ipse
572 1810 737 1848 Codinus
755 1814 882 1847 noster
894 1809 932 1846 in
951 1810 1149 1860 despotieis
1168 1810 1277 1848 feriis.

214 1875 300 1914 ibid.
343 1875 478 1914 ibidem
510 1876 707 1926 legendum
737 1877 882 1914 videtur
915 1878 1251 1931 Χριστουγεννῶν.
1286 1875 1421 1928 legitur
1438 1879 1549 1917 etiam

105 1929 313 1968 disiunctim
341 1933 515 1982 Χριστοῦ
531 1932 660 1985 γέννα.

215 1998 263 2036 ib.
291 2010 327 2037 V.
354 1999 420 2038 20.
461 1994 674 2051 παραμονή
704 1999 763 2038 hic
790 2003 849 2037 est
879 1999 1028 2048 vigilia,
1064 1998 1114 2035 ad
1153 1997 1304 2035 verbum
1340 1999 1445 2047 quasi
1482 2013 1548 2037 ex—

108 2055 275 2102 spectatio
294 2053 395 2104 festi.
423 2054 548 2105 inepte
565 2055 691 2092 Iunius
709 2058 873 2094 stativam
887 2054 1016 2105 feriam
1035 2054 1158 2104 vertit,
1181 2055 1294 2103 idque
1310 2066 1386 2092 non
1404 2059 1550 2093 tantum

109 2119 192 2144 meo
212 2108 279 2144 sed
297 2112 336 2146 et
350 2109 502 2147 Meursii
532 2111 675 2149 iudicio.
699 2112 826 2163 inepte
843 2111 978 2148 ibidem
1003 2109 1059 2156 εἰς
1081 2107 1151 2150 τόν
1181 2107 1334 2162 ὄρθρον
1354 2112 1466 2148 vertit
1483 2113 1551 2149 ad-

108 2163 316 2200 verbialiter
330 2167 522 2203 matutino:
552 2166 625 2204 imo
643 2167 691 2204 ad
708 2169 939 2214 matutinum,
967 2166 1015 2203 ad
1035 2165 1155 2203 laudes
1178 2168 1384 2204 matutinas.

201 2226 283 2262 ibid.
317 2225 436 2260 Basilii
469 2228 587 2262 missae
620 2229 736 2264 titulus
764 2230 799 2264 in
834 2228 1062 2273 Euchologio=
1095 2224 1136 2263 ἔν
1167 2229 1214 2274 τῇ
1249 2229 1448 2273 παραμονῇ
1485 2230 1552 2271 τῆς

112 2270 180 2305 τῠῧ
209 2271 367 2310 Χριστοῦ
396 2269 501 2316 ἡμῶν
532 2272 737 2317 γεννήσεως.
796 2275 992 2308 Menaeum:
1031 2271 1069 2307 εἰ
1087 2271 1176 2320 τύχῃ
1206 2270 1230 2318 ἡ
1262 2270 1461 2318 παραμονὴ
1485 2275 1552 2318 τῆς

112 2316 270 2359 Χριστοῦ
290 2312 393 2360 ἡμῶν
413 2315 609 2361 γεννήσεως
631 2315 670 2354 ἐν
692 2318 887 2366 σαββάτῳ,
909 2314 935 2363 ἢ
956 2319 1124 2364 κυριακῇ.

201 2371 286 2406 ibid.
337 2369 390 2411 εἰς
436 2369 502 2406 τὸν
543 2370 689 2417 ὄρθρον
735 2371 786 2418 μὴ
836 2370 1065 2417 ἐξελθόντος]
1141 2373 1284 2417 ervigilii
1323 2372 1552 2407 nataliciorum

113 2407 240 2450 aristi
262 2416 408 2450 officium
431 2418 626 2452 matutinum
649 2419 821 2454 laudandis
847 2419 1020 2464 Eugeniae
1043 2423 1079 2452 et
1141 2418 1260 2458 asilae,
1290 2417 1446 2462 Philippo
1477 2417 1554 2451 Eu-

113 2461 232 2505 geniae
255 2461 364 2505 patri,
396 2473 459 2495 nec
480 2473 547 2496 non
574 2463 713 2498 Nioolao
736 2465 956 2508 martyribus,
989 2475 1031 2497 ex
1060 2463 1178 2496 maiori
1210 2467 1308 2506 parte
1329 2462 1550 2506 impenditur:

113 2506 341 2540 nataliciorum
365 2504 563 2548 προεόρτιοι
584 2513 710 2543 tantum
732 2510 893 2554 quaedam
915 2506 1061 2556 ᾄσματα
1084 2507 1254 2540 admiscet.
1301 2506 1345 2540 ad
1378 2507 1460 2540 illud
1486 2507 1554 2541 ita-

113 2561 180 2595 que
206 2562 272 2584 non
294 2552 450 2585 convenit
470 2552 666 2598 imperator,
698 2554 786 2599 quod
809 2555 880 2588 eius
901 2553 1090 2588 solemnitas
1114 2551 1221 2584 minor
1242 2551 1282 2584 sit
1306 2562 1368 2584 nec
1389 2552 1474 2585 adeo
1497 2553 1551 2586 fe-

114 2595 221 2629 stiva:
254 2596 336 2630 alias
365 2596 463 2630 horas
494 2597 663 2634 Christum
686 2599 750 2632 iam
777 2604 885 2633 natum
909 2602 1127 2644 personantes
1150 2606 1190 2628 ac
1216 2596 1424 2629 celebrantes
1447 2597 1551 2631 audit.

112 2639 220 2684 ipsum
242 2641 418 2675 Menaeum
442 2641 621 2676 minoribus
643 2643 732 2677 boris
755 2644 912 2689 praefigit
933 2643 1080 2677 titulum:
1114 2636 1208 2684 ἀρχὴ
1241 2640 1305 2684 τῆς
1326 2637 1554 2682 ἀκολουθίας

114 2685 188 2718 τῶν
212 2682 316 2729 ὡρῶν
340 2685 407 2730 τῆς
428 2684 523 2720 κατὰ
546 2684 665 2730 σάρκα
684 2686 880 2733 γεννήσεως
902 2688 968 2723 τοῦ
990 2685 1131 2728 κυρίου.

204 2751 237 2781 ρ.
255 2742 302 2775 44
318 2753 351 2775 v.
368 2742 401 2775 2.
428 2738 518 2785 μετὰ
539 2738 608 2786 τὴν
629 2738 822 2789 ἀπόλυσιν]
854 2744 993 2788 supplex
1018 2741 1235 2776 ecclesiastici
1257 2739 1361 2775 officii
1384 2741 1551 2775 conclusio

114 2788 168 2819 eat
191 2783 376 2825 ἀπόλυσις.
421 2790 553 2821 scatent
574 2787 792 2833 undequaque
813 2788 972 2834 exemplis
994 2786 1213 2822 ecclesiastici
1237 2786 1324 2823 libri.
1370 2786 1553 2821 inscienter

170 2836 289 2871 codiu.
317 2838 511 2883 Curopalat.
542 2838 584 2874 de
614 2839 711 2883 Offic.
1230 2834 1280 2874 18
