1864 3164
279 165 376 213 428

279 274 443 321 quadrata
464 275 596 311 scutula
616 275 650 310 iu
665 276 809 312 tentorio
833 276 986 312 sebasto-

325 321 469 357 cratoris
494 322 556 365 15,
583 322 638 359 15.
674 323 832 358 Caesaris
864 324 928 368 16,
950 326 984 361 3.

278 382 460 424 quaestor,
493 379 585 413 offic.
611 378 656 414 45
694 379 835 425 palatin.
862 382 927 422 11,
950 380 986 416 4.

322 424 468 470 insignia
505 425 570 467 24,
618 425 671 460 14.
723 425 814 461 nulla
854 427 986 461 functio

276 470 541 559 ra14ni3s’1ss'1reis‚
574 515 712 559 myrteis
744 515 800 550 vel
825 515 987 561 oleaginis

323 561 496 597 columnae
519 561 710 597 vestiuntur
731 562 767 596 in
794 562 910 609 palmis
928 564 986 605 67,

277 610 444 687 redtcdrum
479 652 594 699 populi
634 653 803 688 flammula
835 664 856 688 a
888 655 987 699 tergo

323 699 532 744 imperatoris
554 702 590 733 et
613 711 790 745 procerum
806 700 873 745 48,
898 702 953 737 17.

277 755 522 790 referendarius
552 756 593 790 ad
624 755 703 802 imp.
734 756 878 792 mittitur
911 759 989 795 136.

322 802 409 835 idem
449 803 492 836 ab
525 801 605 847 imp.
648 802 773 849 accipit
812 803 989 848 mandyam

322 847 358 881 in
384 847 600 882 coronatione
624 849 687 889 95,
712 850 767 885 16.
792 850 988 884 referenda-

321 893 395 975 ἷίοὲ
417 893 592 928 duodecim
623 894 787 940 permittit
809 895 989 931 Heraclius

278 995 378 1029 reges
404 984 540 1019 Galliae
563 984 598 1019 in
624 985 855 1030 expeditiones
877 997 989 1022 secum

327 1031 514 1065 efferebant
561 1030 718 1065 vexillum
757 1043 785 1066 s.
835 1032 990 1079 Dionysii

325 1078 408 1113 286.
433 1076 630 1111 Occidentis
653 1081 690 1110 et
713 1077 868 1112 Orientis
890 1089 990 1124 reges

326 1133 509 1168 pauperum
532 1123 690 1157 lavabant
712 1123 817 1169 pedes
835 1124 916 1160 318.

281 1179 463 1223 regionarii
487 1179 687 1216 defensores
709 1191 730 1214 a
753 1192 781 1216 s.
817 1181 990 1226 Gregorio

328 1225 503 1260 constituti
524 1226 603 1262 131.

281 1282 433 1326 reliquiis
458 1293 503 1316 ss.
530 1283 610 1316 urbs
638 1282 900 1329 constantinop.
916 1294 991 1318 ser-

329 1334 427 1362 vatur
449 1328 531 1363 322.

281 1373 510 1407 renovationis
544 1373 724 1407 hebdomas
757 1385 818 1408 seu
846 1373 989 1408 διακαιε

326 1418 479 1464 νήσιμος
515 1419 578 1460 77,
622 1420 656 1454 3.
689 1419 781 1454 dicta
813 1420 991 1454 hebdomas

326 1465 515 1510 paschalis,
554 1464 647 1509 quod
689 1465 826 1499 Christo
876 1477 991 1500 resur-

328 1516 430 1555 gente
452 1510 563 1544 omnia
585 1515 750 1545 renovata
772 1512 841 1547 333
862 1523 914 1556 sq.

279 1556 466 1590 rhabduchi
489 1556 588 1590 etiam
603 1555 799 1601 dignitatem
814 1557 992 1592 obtinuere

277 1648 422 1682 rhetoris
447 1647 492 1691 (is
515 1648 731 1682 concionator
747 1659 821 1684 esse
835 1648 988 1692 videtur)

324 1699 378 1728 est
397 1694 616 1739 interpretari
639 1705 684 1731 ss.
709 1694 895 1740 scripturas
913 1693 989 1730 144.

279 1739 526 1785 rhomphaeae,
548 1740 688 1784 hastae,
714 1744 749 1774 et
767 1740 990 1786 rliompliaeo-

325 1791 478 1820 oratores
514 1790 593 1820 sunt
627 1786 651 1820 4
701 1797 861 1831 proceres
897 1785 992 1820 iuxta

323 1831 444 1877 imper.
469 1831 619 1876 clypeati
638 1833 704 1876 99,
731 1831 785 1868 15.

279 1877 366 1911 ritus
391 1877 423 1910 in
448 1877 645 1918 nativitate,
672 1888 808 1911 mensae
829 1876 908 1924 imp.
931 1876 992 1912 mi-

326 1923 490 1956 nistrandi
513 1924 579 1965 43,
606 1924 649 1958 19
673 1934 743 1968 sqq.
767 1922 831 1964 55,
853 1925 896 1959 10
917 1935 993 1969 sqq.

326 1968 484 2011 surgendi
517 1979 559 2002 ex
591 1979 707 2003 mensa
742 1970 806 2011 62,
839 1971 882 2004 21
918 1980 993 2014 sqq.

327 2014 410 2046 ritus
443 2013 650 2048 intermissus
680 2014 714 2048 in
745 2014 907 2059 paschate
939 2020 993 2048 ta-

328 2059 543 2092 bernaculum
573 2058 782 2102 ingrediendi
811 2064 848 2094 et
877 2070 994 2094 aurum

330 2103 460 2137 clericis
492 2104 675 2147 elargiendi
707 2106 774 2149 77,
805 2106 838 2139 2.
873 2105 994 2138 rituum

329 2149 509 2183 diversitas
533 2149 566 2182 in
592 2150 743 2183 ecclesiis
779 2161 846 2184 non
881 2150 995 2183 obstat

331 2195 446 2228 unioni
466 2194 546 2228 fidei
573 2195 650 2229 296.

284 2251 391 2285 roga,
416 2240 616 2285 stipendium
637 2239 796 2282 militare,
821 2242 995 2283 rogatores

330 2285 537 2329 stipendiarii
551 2287 628 2321 260.
644 2296 750 2330 roga,
770 2285 892 2319 donum
908 2285 992 2318 libe-

330 2331 476 2366 ralitatis
498 2335 663 2375 augustae
693 2335 727 2365 et
762 2331 994 2375 patriarchalis

331 2379 410 2413 311.
435 2377 609 2411 admodum
633 2388 654 2411 a
679 2377 877 2411 Balsamone
900 2387 993 2410 com-

330 2423 487 2458 mendata
510 2423 651 2468 darique
673 2422 782 2457 desita
807 2423 886 2458 331.

285 2470 426 2504 Romam
462 2469 496 2502 in
536 2470 694 2503 honorem
735 2479 784 2504 ss.
828 2467 923 2502 Petri
960 2471 996 2501 et

330 2515 428 2548 Pauli
467 2514 710 2549 Constantinus
750 2525 778 2549 s.
830 2513 994 2548 Silvestro

331 2560 473 2594 tradidit
495 2562 576 2595 262.

287 2606 440 2640 Romana
462 2616 519 2640 res
547 2606 608 2639 sub
632 2605 747 2639 Phoca
762 2603 893 2639 afflicta
915 2605 996 2639 321.

334 2651 518 2685 Romanum
543 2652 622 2698 imp.
647 2650 842 2685 Orientales
864 2654 900 2683 et
923 2649 994 2683 Oc-

333 2695 517 2731 cidentales
540 2697 655 2731 colunt
673 2697 735 2738 55,
759 2697 791 2731 6.
814 2698 846 2732 7.
870 2696 996 2730 Roma-

335 2752 398 2776 nus
413 2742 573 2776 diaconus
584 2743 770 2778 Emesenus
781 2745 901 2777 auctor
915 2751 997 2776 con-

335 2787 497 2822 taciorum
524 2789 601 2825 139.

289 2833 478 2868 racharium
502 2837 555 2868 est
583 2834 779 2869 vestiarium
812 2832 888 2869 251.
918 2832 997 2868 223.

865 169 1144 216 GRETSERI

1075 277 1123 312 ibi
1147 276 1269 322 spatha
1291 287 1352 313 seu
1384 279 1474 315 ensis
1503 279 1585 326 imp.
1617 291 1740 317 serva·

1075 328 1132 359 tur
1157 324 1200 360 31
1213 348 1224 367 ,
1248 324 1282 360 8.

1029 370 1170 411 ruolium
1190 381 1253 404 seu
1275 372 1358 414 toga
1387 370 1544 405 coccinea
1573 370 1738 417 despotae

1076 417 1141 460 13,
1161 416 1196 452 9.
1218 415 1297 450 item
1317 426 1438 459 rocus,
1458 417 1635 451 rochetum
1655 419 1737 453 223.

1074 462 1213 495 ruoilum
1244 466 1353 495 mutat
1385 461 1462 508 imp.
1497 461 1540 497 ad
1573 474 1738 508 vesperas

1075 507 1209 541 nativit.
1234 506 1302 550 47,
1326 508 1380 544 13.

1030 553 1173 607 sabbato
1197 563 1317 597 magno
1331 555 1541 607 sparguntur
1556 553 1643 588 lauri
1657 556 1739 588 ante

1076 609 1164 679 3⁸35.
1187 598 1739 689 ⁷352332333152112m02issbriss}

1077 689 1222 733 hymnus
1250 690 1411 735 deiparae
1442 690 1626 725 acathistus
1656 692 1738 726 321.

1032 746 1150 771 saccus
1172 740 1226 770 est
1250 735 1358 770 vestis
1381 736 1597 781 imperatoria
1610 738 1668 778 50,
1686 737 1740 771 19.

1078 793 1119 816 eo
1137 781 1308 816 creandus>
1321 781 1469 816 induitur
1484 783 1547 825 89,
1575 783 1607 818 6.
1623 781 1743 816 differt

1079 838 1101 862 a
1124 827 1270 871 mandya
1291 827 1369 862 313.
1402 828 1481 862 item
1533 827 1742 862 atriarchalis

1078 873 1184 909 vestis
1207 884 1328 908 saccus
1349 873 1435 911 ibid.
1465 876 1482 909 1
1531 901 1540 910 .
1565 874 1654 908 sacci
1667 873 1740 906 for-

1079 929 1166 953 mam
1188 919 1289 953 habet
1303 918 1446 964 phelone
1470 918 1743 973 1⁶5⁷·‚ffignjflfflt

1079 975 1324 1044 affigas?
1337 975 1421 1044 3235.
1439 964 1744 1044 iuifflssmdffll

1080 1055 1156 1090 culo
1173 1055 1296 1109 (prima
1314 1055 1483 1100 obviaque
1495 1055 1744 1100 significatione

1080 1100 1745 1192 1:52.11}33:¹}¹·3.02ffi¹:222⁰“1¹;.g2⁸55¹¹2z

1080 1204 1208 1239 parvus
1238 1194 1314 1228 121.
1348 1192 1472 1227 sacella
1499 1203 1568 1227 vox
1597 1193 1743 1238 Syriaca

1036 1238 1398 1328 εεέὧῗαιὲῗιξθριξιέἓῗὲε
1408 1238 1599 1325 ‚fflgl'ficium
1633 1283 1744 1319 eccle-

1081 1329 1152 1364 siae
1191 1330 1291 1374 Cpol.
1326 1329 1453 1374 primae
1487 1340 1622 1374 quoque
1657 1339 1744 1373 pen-

1081 1374 1172 1408 tadis
1205 1379 1241 1408 et
1271 1374 1359 1408 inter
1383 1374 1640 1408 exocatacoelos
1663 1375 1744 1410 117.

1080 1419 1238 1465 primaria
1260 1419 1486 1466 appellatione
1501 1419 1610 1454 dictus
1632 1430 1654 1454 a
1667 1430 1745 1453 sac-

1081 1465 1155 1500 culo
1185 1476 1247 1500 seu
1281 1465 1413 1499 aerario
1443 1466 1628 1509 ecclesiae,
1650 1464 1744 1500 cuius

1126 1511 1240 1545 cunias
1280 1511 1453 1546 tractabat
1486 1513 1548 1546 121
1579 1522 1631 1555 sq.
1665 1510 1742 1545 125.

1105 1568 1145 1592 ac
1167 1557 1306 1591 notione
1328 1556 1457 1591 Latinis
1476 1567 1611 1602 quoque
1633 1556 1747 1591 dictus

1078 1603 1167 1637 ibid.
1191 1604 1466 1637 monasteriorum
1489 1612 1571 1637 cura
1591 1606 1666 1638 erat
1688 1612 1745 1637 se-

1081 1648 1244 1682 cundaria
1267 1650 1344 1684 122.

1034 1694 1230 1729 sacellarius
1257 1694 1366 1729 minor
1398 1694 1474 1730 121.
1500 1694 1566 1730 122
1587 1704 1640 1739 aq.
1664 1696 1700 1728 et
1722 1704 1745 1727 a

1081 1740 1218 1776 sacellio
1250 1740 1342 1783 (sive
1374 1739 1563 1786 marsupio,
1595 1750 1661 1773 non
1685 1750 1744 1773 ca-

1081 1785 1178 1832 pellis
1213 1786 1319 1822 sacris
1358 1785 1446 1820 ibid.
1488 1785 1584 1829 125.)
1622 1784 1746 1818 dicitur

1082 1831 1210 1866 sacellii
1233 1831 1445 1877 praefectus,
1471 1830 1566 1865 cuius
1611 1830 1746 1864 rimaria

1081 1876 1208 1911 functio
1236 1888 1374 1912 servare
1404 1880 1439 1911 et
1464 1887 1571 1921 expen
1595 1887 1653 1910 ere
1682 1887 1745 1921 pe·-

1083 1921 1222 1965 eunias,
1245 1933 1365 1956 curare
1387 1922 1570 1956 catholicas
1585 1921 1745 1956 ecclesias

1086 1970 1163 2004 123.
1187 1972 1224 2002 et
1247 1969 1482 2013 emphyteuses
1500 1968 1586 2001 ibid.

1037 2013 1194 2048 sacellius
1226 2013 1346 2047 dicitur
1389 2023 1452 2058 pro
1491 2011 1668 2046 sacellario
1710 2015 1746 2046 et

1081 2059 1276 2102 praefectus
1309 2057 1481 2091 custodiae
1511 2057 1747 2101 confugientes

1081 2102 1124 2136 ad
1148 2102 1321 2137 ecclesiam
1354 2107 1390 2136 et
1410 2102 1577 2148 supplices
1601 2102 1745 2148 recipie-

1081 2147 1143 2181 bat
1175 2148 1251 2183 124.
1282 2148 1442 2182 scribitur
1483 2147 1677 2182 sacellarius
1709 2151 1746 2182 et

1083 2193 1297 2227 saccellarius
1323 2195 1401 2229 126.

1036 2239 1195 2273 sacerdos
1227 2239 1262 2273 in
1292 2239 1427 2274 nativit.
1468 2237 1594 2284 accipit
1625 2249 1745 2284 panem

1082 2289 1117 2319 et
1139 2285 1300 2319 ferculum
1323 2295 1437 2319 mensa
1466 2284 1546 2329 imp.
1569 2283 1746 2318 benedicta

1082 2332 1149 2372 59,
1185 2333 1237 2367 12.
1270 2331 1479 2365 sacerdotum
1502 2329 1667 2364 secundus
1692 2332 1746 2364 est

1082 2375 1255 2422 proximus
1277 2388 1297 2410 a
1323 2382 1531 2422 protopapa‚
1554 2375 1694 2409 aliorum
1710 2374 1746 2408 in

1083 2422 1188 2457 sacris
1197 2422 1386 2456 ministeriis
1407 2422 1528 2455 ductor
1543 2424 1580 2454 et
1601 2420 1747 2454 director

1086 2469 1161 2503 150.
1184 2467 1219 2500 in
1245 2467 1340 2511 vigil.
1369 2467 1503 2502 nativit.
1526 2470 1620 2500 stant
1663 2476 1746 2510 rope

1084 2524 1126 2547 ss.
1152 2513 1311 2557 imagines
1328 2514 1392 2555 44,
1415 2514 1448 2548 5.
1463 2513 1495 2547 6.
1510 2511 1543 2545 in
1559 2522 1623 2556 qua
1649 2522 1746 2555 rage-

1085 2562 1167 2592 slma
1190 2570 1255 2592 non
1270 2561 1382 2592 ferunt
1397 2556 1555 2593 sticharia
1576 2567 1746 2611 purpurea

1087 2606 1155 2646 67,
1181 2607 1211 2639 1.
1240 2615 1348 2650 neque
1379 2604 1421 2638 iis
1444 2605 1536 2637 serre
1570 2603 1648 2636 licet
1671 2602 1746 2647 epi-

1085 2649 1223 2694 gonatia
1246 2654 1280 2683 et
1308 2648 1502 2695 epimanicia
1526 2647 1603 2683 140.
1620 2647 1654 2681 in
1670 2647 1746 2692 pal·-

1086 2695 1148 2729 mis
1174 2695 1319 2740 quinque
1341 2695 1397 2729 vel
1427 2698 1587 2739 quattuor
1606 2696 1747 2738 portant

1086 2751 1130 2776 ss.
1154 2740 1317 2785 imagines
1334 2743 1398 2784 68,
1419 2741 1472 2775 11.
1490 2743 1650 2773 coronato
1665 2737 1744 2783 imp.

1087 2786 1293 2820 circumeunt
1333 2789 1452 2821 sancta
1484 2787 1659 2830 portantes
1687 2784 1746 2826 94,

1089 2832 1112 2867 6
1133 2843 1181 2877 sq.
1206 2831 1312 2867 sacris
1332 2842 1353 2867 a
1380 2829 1530 2877 prothesi
1561 2828 1686 2864 ablatis
1710 2828 1745 2863 in
