1864 3164
298 174 395 223 402

344 284 416 319 siae
451 282 653 328 defendere,
699 283 775 317 lites
818 280 901 316 cleri
947 279 1001 314 di-

344 333 518 375 sceptare,
542 328 753 374 patriarchae
777 327 916 381 dextra⁸
931 337 1001 359 ma-

343 370 1003 464 sarabaras&-..25312025313

343 469 507 547 {32⁸2ss
531 463 1004 554 {lssffivissa‘ssssimii‘emssliff

344 556 535 600 vilegiaque
555 555 729 590 commissa
752 556 828 591 127.
849 554 936 588 illius
951 554 1005 587 ius

344 601 497 647 signandi
539 602 615 636 128.
660 605 696 636 et
741 603 807 635 tam
849 599 1005 644 magnifi-

344 659 418 682 cum
451 657 550 691 quam
583 645 829 680 bibliothecarii
860 644 1006 679 Romani

343 693 427 728 ibid.
451 691 625 737 episcopos
650 691 800 726 sessione
821 689 1006 725 antecessit

345 739 427 774 127.
459 737 495 771 in
524 737 733 772 ordinatione
767 737 840 771 eius
862 736 1006 771 ballote·-

343 783 428 817 rium
460 786 496 817 et
526 782 639 817 claves
668 783 769 817 datae
800 782 886 817 ibid.
917 782 1006 815 tiara

346 827 513 874 quondam
542 827 683 873 insignis
708 832 747 862 et
776 838 862 873 equo
892 827 1005 873 patri-

295 898 298 900 -
343 874 469 908 archae
484 878 606 908 vectus
624 873 657 908 in
679 875 768 908 sesto
786 874 839 908 SS
856 873 1006 907 notario-

344 931 418 954 rum
456 919 541 954 ibid.
582 918 757 953 duodecim
793 918 1006 953 administros

343 965 493 1000 habebat
505 964 655 999 notarios
672 967 747 1000 128.
760 963 920 998 discussit
934 975 1007 998 mo-

342 1021 400 1045 res
432 1014 469 1044 et
501 1010 602 1045 vitam
638 1010 897 1044 ordinandorum
929 1010 1007 1045 138.

346 1066 444 1090 nemo
472 1056 517 1090 ad
545 1062 760 1101 conspectum
794 1054 1008 1100 patriarchae

347 1111 458 1146 neque
479 1100 522 1135 ad
542 1102 740 1136 beneficium
758 1101 921 1135 admissus
942 1099 1009 1134 nisi

373 1158 412 1181 er
444 1157 519 1181 eum
560 1149 636 1182 128.
675 1146 1009 1192 chartophylacem,

360 1203 442 1226 ocus
473 1192 531 1226 ubi
566 1192 670 1226 iudex
700 1191 1008 1226 ecclesiasticarum

346 1238 444 1272 sedet
467 1248 641 1271 causarum
665 1239 743 1273 127.

300 1283 523 1318 chartularius
553 1282 683 1316 Latinis
713 1285 765 1317 est
793 1280 893 1315 iudex
926 1291 1008 1315 cau-

346 1338 456 1362 sarum
481 1328 555 1362 159.
579 1327 668 1361 inter
686 1327 832 1361 lectores
851 1331 1009 1361 censetur

345 1374 430 1408 ibid.
453 1377 490 1407 et
513 1374 591 1409 160.
618 1384 640 1406 a
663 1373 862 1407 Balsamone
878 1382 1008 1405 vocan-

346 1423 402 1453 tur
437 1417 633 1452 chartularii
669 1418 837 1451 adiutores
874 1416 1009 1451 officia-

346 1464 427 1498 lium
450 1463 579 1506 primae
609 1463 774 1508 pentados
807 1463 885 1498 118.
908 1463 1009 1496 char--

349 1510 491 1544 tularius
522 1519 681 1553 magnus,
707 1509 798 1542 offic.
820 1509 878 1543 26.
902 1507 1009 1553 palat.

351 1559 417 1597 10,
439 1556 473 1589 6.
498 1554 632 1589 habitus
654 1555 719 1596 22,
744 1556 797 1588 11.
818 1554 1012 1598 praefectus

350 1600 573 1680 ἱιξιρετιὲῐοτίἰε
596 1599 811 1654 equiscuibus
835 1600 1014 1679 16οὀᾶ191ἐ

350 1657 432 1679 -mc
478 1657 559 1679 reno
597 1656 677 1679 rm.
717 1655 837 1678 euum
876 1655 896 1678 a
944 1656 997 1678 uci

353 1691 421 1732 29,
452 1692 485 1726 7.
516 1655 759 1725 chartuliiriusq
770 1689 921 1724 militaris
953 1700 1014 1725 seu

354 1736 511 1770 thematis
525 1736 659 1771 militem
679 1735 934 1778 conscribebat,
956 1747 1014 1770 re·-

353 1782 516 1816 censebat
539 1784 618 1819 160.
640 1783 716 1817 191.
744 1781 829 1814 alius
859 1785 934 1815 erat
954 1792 1013 1815 sa-

352 1838 486 1861 crorum
529 1827 752 1861 cubiculorum
791 1826 1014 1860 chartularius

353 1873 438 1908 ibid.
469 1877 505 1906 et
541 1873 641 1906 homo
674 1871 894 1906 chartularius
927 1873 1012 1907 ibid.

352 1923 389 1951 et
412 1918 580 1952 tabellarii
602 1917 792 1952 chartularii
812 1918 898 1952 ibid.

306 1962 466 1997 Chiorum
495 1963 691 1997 vofficialium
721 1963 800 1997 vani
822 1963 912 1997 tituli
935 1964 1011 2000 113.

307 2008 532 2043 chirothecam
563 2009 597 2041 in
631 2019 717 2042 zona
749 2019 822 2043 cum
853 2009 1013 2052 margella

336 2057 389 2131 {t
410 2053 532 2098 aquilis
547 2054 616 2088 fert
638 2053 764 2099 primus
780 2053 1014 2099 accipitrarius

377 2099 416 2134 5.
443 2102 475 2132 1.

305 2142 493 2177 chirotonia
526 2154 554 2176 s.
585 2143 774 2186 designatio
813 2142 855 2176 fit
887 2142 1011 2187 duplici

351 2188 512 2232 suffragio
539 2190 624 2231 104,
652 2190 704 2222 19.
729 2188 870 2222 Graecis
892 2188 1010 2232 aequi-

351 2245 438 2268 voce
451 2244 513 2278 pro
529 2232 780 2267 consecratione
797 2237 834 2266 et
848 2233 1011 2267 electione

350 2290 380 2313 s.
421 2278 652 2322 designatione
697 2278 820 2311 dicitur
864 2278 1011 2312 haereti-

351 2324 466 2368 cisque
491 2323 699 2358 occasionem
730 2323 864 2357 errandi
894 2329 930 2358 et
951 2324 1012 2357 de-

351 2369 499 2415 cipiendi
517 2369 615 2403 etiam
641 2369 783 2414 praebet
799 2370 879 2404 371.
898 2369 1011 2402 chiro-

351 2415 445 2448 tonia
477 2426 506 2450 s.
538 2414 705 2449 ordinatio
741 2414 781 2448 fit
810 2415 841 2448 >S
873 2415 1011 2459 spiritus

352 2460 562 2494 invocatione
605 2470 827 2506 manuumque
874 2459 1013 2505 imposi-

350 2506 447 2539 tione
467 2508 548 2542 372.

309 2551 461 2595 chlamys
483 2562 544 2585 seu
573 2550 771 2596 tamparium
799 2550 1013 2585 sebastocra-

356 2597 437 2630 toris
459 2598 521 2639 15,
546 2599 580 2632 6.
609 2598 688 2632 224.

309 2642 451 2675 choreas
482 2642 516 2676 in
548 2648 756 2686 augusteone
784 2641 948 2675 ducebant
978 2639 1013 2674 in

353 2687 513 2767 aggerem
536 2688 639 2734 impp.
659 2687 822 2734 praefecti
843 2686 1012 2731 regionum

307 2777 401 2811 chori
435 2777 531 2823 primi
571 2782 608 2813 et
639 2778 775 2813 secundi
809 2776 1011 2812 domesticus

350 2823 506 2870 proprius
529 2826 574 2868 6,
598 2825 635 2861 6.
659 2826 737 2862 152.

880 171 1158 218 GRETSERI

1043 279 1214 316 Chosroes
1235 278 1416 313 Sar-barum
1439 276 1555 312 ducem
1570 276 1649 311 belli
1662 274 1752 313 con·'

1088 331 1142 360 tra
1161 325 1276 358 urbem
1300 324 1511 369 cpolitauam
1543 323 1644 357 mittit
1663 324 1743 359 321.

1088 383 1109 405 a
1130 370 1199 404 filio
1221 373 1362 404 necatur
1382 370 1462 404 322.

1044 416 1188 452 chrisma
1208 426 1339 450 sacrum
1361 415 1543 469 servabant
1564 413 1745 457 ampullae,

1045 458 1746 551 cazzssz‘z‘shsfgfifflxhffi.2⁷⁶:

1090 553 1170 588 latio
1199 551 1370 586 celebrata
1403 550 1471 595 43,
1505 551 1561 586 19.
1599 548 1670 584 eius
1694 559 1747 583 em

1088 599 1199 642 imago
1222 597 1265 632 de
1286 596 1401 632 tabula
1429 605 1594 641 suspensa
1615 595 1680 638 44,
1708 595 1747 630 ³.

1091 645 1134 680 ab
1157 643 1236 689 imp.
1264 642 1378 678 osculo
1410 641 1574 676 honorata
1602 639 1671 682 44,
1689 641 1748 675 20.

1090 691 1156 732 46,
1180 690 1233 725 16.
1258 687 1302 723 de
1324 687 1439 722 eodem
1461 686 1504 721 ad
1520 696 1665 720 mensam
1686 696 1749 719 ca-

1093 739 1215 770 nuntur
1232 733 1302 776 57,
1331 735 1383 770 16.
1402 734 1471 775 60,
1495 732 1549 767 10.
1572 729 1749 765 contacion

1092 781 1260 824 integrum
1295 779 1374 814 295.
1404 777 1496 811 aliud
1534 776 1581 811 de
1619 775 1750 810 Christi

1089 838 1112 861 e
1137 825 1274 871 iphania
1291 823 1470 858 idiomelon
1491 823 1571 858 298.
1588 821 1660 856 eius
1674 821 1751 866 epi-

1090 839 1215 918 piiania
1238 882 1265 904 s.
1289 869 1470 914 baptismus
1490 869 1580 902 festo
1602 867 1750 901 honora-

1092 922 1149 952 tus
1180 927 1202 949 a
1225 915 1367 950 Graecis
1396 916 1475 950 303.
1506 912 1598 947 dicta
1628 913 1751 946 festum

1093 962 1252 997 luminum
1285 971 1393 1005 eaque
1433 958 1564 993 accensi
1593 957 1684 992 cerei
1715 960 1751 991 et

1093 1009 1188 1043 faces
1234 1006 1314 1043 304.
1359 1004 1568 1051 epiphaniam
1613 1001 1753 1046 regibus

1092 1054 1219 1088 factam
1241 1050 1366 1086 Graeci
1399 1051 1455 1086 25.
1487 1048 1647 1084 Decemb.
1666 1048 1752 1083 303.

1095 1098 1240 1133 natalem
1263 1098 1364 1141 Aegy
1389 1095 1427 1130 tii
1445 1095 1482 1129 ·6.
1513 1094 1646 1129 Ianuar.
1667 1103 1754 1137 age-

1095 1145 1180 1179 bant
1211 1142 1290 1178 304.
1332 1141 1362 1174 C
1388 1141 1467 1175 risto
1499 1141 1585 1173 fests
1641 1137 1754 1184 roprie

1096 1190 1211 1223 dicata
1232 1199 1300 1222 non
1319 1191 1400 1222 sunt
1419 1186 1491 1219 dies
1506 1185 1616 1219 domin
1630 1183 1672 1227 ci,
1691 1182 1756 1218 sed

1097 1242 1192 1271 certa
1211 1232 1374 1279 quaedam
1401 1233 1479 1267 273.
1498 1231 1548 1265 ob
1571 1229 1756 1272 Christum,

1121 1280 1154 1313 ui
1173 1285 1325 1313 nostrum
1355 1283 1408 1311 est
1441 1280 1562 1321 caput,
1589 1275 1757 1309 honoran-

1093 1293 1172 1407 ᾖξε
1185 1319 1757 1411 ’02⁰⁶3.2323.023{25.00¹222::

1092 1420 1167 1449 tum
1197 1418 1232 1448 et
1268 1412 1401 1447 sudario
1441 1411 1626 1445 involutum
1659 1414 1755 1444 tecto

1096 1460 1175 1494 alibi
1197 1459 1307 1504 capite
1328 1457 1533 1492 sacrificatur
1554 1456 1637 1490 ibid.

1053 1505 1289 1550 chrysobullae
1307 1502 1478 1537 cinnabari
1496 1500 1705 1546 subscriptae
1719 1502 1757 1534 et

1099 1562 1148 1587 ss.
1173 1561 1274 1585 cruce
1298 1549 1451 1583 firmatae
1471 1549 1550 1584 256.
1575 1557 1686 1580 earum
1700 1545 1756 1579 vis

1098 1597 1183 1631 ibid.
1209 1594 1442 1640 chrysobullas
1464 1604 1550 1636 mag.
1579 1591 1756 1635 logotheta

1101 1646 1199 1676 curat
1220 1641 1263 1675 ad
1284 1651 1383 1684 reges
1411 1638 1591 1672 mittendas
1611 1638 1678 1679 32,
1698 1638 1758 1671 20.

1056 1686 1350 1732 ehrysoclabarica
1399 1684 1599 1719 vesti-enta
1645 1680 1758 1717 aureis

1099 1733 1209 1768 clavis
1233 1736 1351 1766 ornata
1371 1732 1451 1766 221.

1055 1779 1279 1823 chrysoclava
1300 1781 1336 1811 et
1359 1774 1602 1820 chrysoclavus
1620 1772 1706 1807 z'ln'd.

1054 1825 1098 1860 D.
1133 1821 1365 1868 Chrysostomi
1394 1822 1519 1856 festum
1546 1819 1581 1853 in
1616 1819 1657 1856 S.
1690 1819 1758 1852 So-

1099 1870 1201 1916 phiae
1235 1868 1426 1902 celebratur
1463 1870 1638 1912 praesente
1674 1865 1757 1909 imp.

1100 1918 1166 1956 80,
1190 1918 1243 1950 10.
1267 1914 1339 1947 eius
1372 1910 1607 1946 commentaria
1634 1909 1671 1943 in
1700 1919 1758 1943 sa-

1099 1971 1177 1995 cras
1199 1959 1315 1994 literas
1339 1969 1413 1992 cum
1431 1956 1608 1990 Thomaite
1627 1954 1758 1988 confla-

1100 2008 1243 2049 grarunt
1263 2003 1343 2040 355.
1360 2002 1436 2036 eius
1456 2000 1578 2035 natalis
1594 2001 1648 2035 13.
1665 1999 1756 2036 NoV.

1054 2096 1200 2140 Cibyres
1222 2094 1299 2127 fons
1321 2092 1365 2126 ob
1398 2091 1466 2126 vini
1500 2102 1542 2125 ex
1565 2101 1652 2135 aqua
1673 2089 1759 2124 facti

1098 2139 1292 2174 miraculum
1316 2138 1452 2172 vinosus
1473 2138 1552 2172 306.

1054 2185 1183 2220 cimelia
1205 2195 1304 2218 sacra
1325 2188 1423 2217 curat
1437 2181 1663 2227 sceuophylax
1679 2181 1758 2217 130.

1100 2234 1258 2265 notantur
1280 2224 1322 2263 ἐν
1345 2227 1504 2274 βρεβιόις
1530 2228 1607 2265 133.

1056 2276 1227 2312 cinnabari
1245 2279 1285 2309 et
1307 2275 1446 2308 bractea
1467 2280 1503 2307 et
1531 2283 1579 2306 ss.
1603 2271 1760 2306 crucibus

1100 2321 1267 2356 coccineis
1288 2324 1407 2354 ornata
1438 2318 1517 2364 imp.
1551 2318 1680 2363 lampas
1701 2316 1761 2359 45,

1100 2369 1134 2403 3.
1157 2366 1366 2410 subscriptae
1389 2364 1500 2398 bullae
1514 2363 1594 2398 256.

1056 2413 1195 2447 circitor
1226 2424 1254 2446 s.
1287 2411 1465 2454 excitator,
1484 2408 1578 2444 offic.
1600 2406 1761 2443 ecclesia-

1101 2458 1220 2493 sticum
1245 2458 1321 2491 162.
1516 2470 1519 2473 ·

1055 2501 1335 2539 circumstationis
1380 2498 1530 2534 minister
1580 2503 1633 2532 est
1683 2507 1759 2531 cum

1102 2559 1223 2593 magno
1245 2546 1476 2581 hetaeriarcha
1505 2549 1540 2579 et
1572 2542 1760 2590 primicerio

1103 2595 1198 2628 aulae
1222 2591 1513 2638 protovestiarites
1541 2591 1606 2630 34,
1637 2590 1691 2624 17.
1717 2599 1760 2622 ea

1101 2640 1141 2674 fit
1162 2638 1251 2672 circa
1273 2636 1440 2680 liturgiam
1470 2640 1506 2670 et
1529 2643 1687 2679 vesperas
1702 2633 1760 2674 35,

1101 2688 1135 2721 5.
1185 2682 1421 2730 apocrisiarius
1464 2680 1519 2714 alii
1544 2690 1586 2713 ue
1625 2677 1762 2721 negotia

1100 2741 1161 2809 312⁰
1164 2733 1297 2808 {3322
1314 2728 1403 2806 ’ἷῖἕὸ
1422 2728 1490 2806 ¹3⁴⁷
1514 2723 1760 2814 ⁰'1‘⁰'‹¹,¹3‹⁵›{i‹i{33

1099 2832 1164 2855 nae
1199 2824 1236 2854 et
1266 2799 1420 2854 festivae’
1444 2796 1529 2852 titiis
1554 2815 1621 2859 45,
1646 2815 1679 2849 8.
1706 2814 1759 2850 10.
