1820 3178
262 205 360 254 140
474 196 754 249 GRETSERI
773 195 847 240 ET
867 189 1044 239 GOARI
1060 183 1502 234 COMMENTARIUS

259 331 342 366 σως
360 315 521 356 trahitur
535 326 559 353 a
578 310 770 351 Glossario
788 307 839 346 ad
855 306 952 345 hanc
970 302 1160 342 notionem
1177 297 1371 339 contacion
1389 295 1438 334 de
1460 306 1536 344 quo
1554 291 1725 331 Codinus

260 391 292 418 c.
315 379 342 417 7
361 371 584 426 ψάλλοντες
601 366 645 410 τὸ
668 362 903 409 κοντάκιονε
931 374 1018 400 nam
1048 359 1108 397 hic
1136 358 1319 397 contacion
1338 365 1416 392 non
1435 355 1494 389 est
1516 350 1634 389 codex
1658 361 1726 386 seu

211 436 224 444 “’
261 433 434 472 volumen
457 442 524 467 seu
549 427 664 478 liber,
694 425 763 462 sed
782 421 952 460 odarium
973 429 1139 466 sacrum,
1167 425 1302 464 nempe
1332 410 1424 448 illud
1448 407 1552 447 cuius
1581 405 1728 444 initium

152 2491 180 2522 Ρ
205 2487 269 2523 167

261 490 292 542 ’ἦ
306 486 511 543 παρθένος
531 480 718 536 σήμερον.
771 479 826 517 sic
850 477 954 529 apud
977 474 1138 513 Citrium
1161 471 1200 509 in
1218 466 1424 520 Responsis
1449 465 1498 503 ad
1517 462 1729 502 Cabasilam

262 543 418 599 (ἅρχων
444 545 527 583 τῶν
555 535 799 587 κοντακίων)
825 548 891 586 per
924 532 1088 571 contacia
1115 541 1192 567 non
1218 525 1354 565 codicis
1382 522 1451 561 sed
1482 532 1606 558 sacras
1635 519 1729 558 odas

261 604 399 654 accipe.
455 601 495 637 in
514 600 645 636 nostro
667 600 792 634 tamen
818 590 1014 643 proposito
1046 599 1123 625 non
1151 584 1283 622 iniuria
1306 578 1467 620 dubitari
1490 579 1622 628 posset
1641 580 1731 613 num

262 659 459 700 contacion
487 655 621 693 librum
641 666 690 691 an
720 650 888 689 odarium
917 644 1120 697 significet:
1147 642 1294 680 videtur
1323 638 1422 676 enim
1450 631 1496 675 τὸ
1516 627 1734 674 κοντᾶκιον

263 720 339 770 τῆς
357 711 601 767 χειροτονίας
619 722 702 747 esse
719 708 812 746 liber
828 703 992 753 ritualis,
1010 702 1050 739 in
1070 713 1145 750 quo
1170 698 1263 737 ordo
1279 689 1506 734 chirotoniae
1522 702 1590 728 seu
1608 700 1735 727 sacrae

265 769 512 813 ordinationis
545 766 656 818 insit,
693 777 805 815 quem
841 762 1118 800 hieromnemon
1154 757 1293 794 teneat.
1349 750 1440 790 nihil
1473 747 1631 797 definio,
1666 744 1736 782 sed

264 830 387 869 solum
406 825 656 878 suspicionem
683 834 806 863 meam
831 831 976 872 promo.
1030 815 1123 854 haee
1149 813 1197 851 de
1228 808 1419 861 contacio,
1455 804 1559 856 quod
1586 801 1735 855 saepius

265 887 374 926 nobis
397 886 575 923 occurret.

360 963 397 997 p.
419 950 440 985 5
456 961 490 985 v.
513 949 549 984 2.
594 940 639 981 τό
669 938 870 980 κοντάκιον
898 934 1137 986 χειροτονίας]
1173 930 1431 968 ordinationum
1463 925 1613 962 omnium
1642 922 1739 959 ordi-

271 1009 349 1034 nem
395 1008 437 1032 ao
467 1004 588 1030 earum
624 991 788 1026 ritualem
814 989 957 1022 tibrum.-
993 984 1087 1018 illum
1110 980 1199 1015 enim
1219 973 1420 1013 κονεᾶκιον
1448 973 1504 1007 hio
1533 970 1741 1011 manifestat,

273 1042 431 1090 quamvis
457 1040 540 1075 alibi
564 1040 688 1073 librum
710 1034 875 1070 missalem
892 1031 997 1075 vulgo
1019 1028 1167 1069 indicet,
1196 1024 1254 1058 vel
1286 1022 1389 1057 etiam
1411 1020 1549 1053 brevem
1572 1015 1741 1051 modulum

273 1091 366 1125 inter
387 1087 505 1124 officia
526 1085 642 1120 divina
661 1078 930 1122 decantandum,
952 1076 996 1111 de
1018 1086 1085 1121 quo
1108 1083 1171 1107 nos
1193 1070 1328 1105 abunde
1347 1068 1386 1102 in
1406 1062 1661 1108 Euchologieis.

389 1173 426 1211 p.
439 1158 465 1201 5
477 1169 500 1195 v
516 1159 552 1197 3.
572 1153 786 1193 Secundum
797 1151 918 1188 locum
929 1148 969 1186 in
986 1146 1056 1185 hac
1069 1144 1181 1183 tertia
1188 1139 1358 1179 Pentade
1374 1136 1520 1176 obtinet
1538 1131 1562 1175 o‘
1576 1131 1642 1174 ἐπὶ
1659 1132 1743 1172 τοῖν

276 1211 472 1273 γονάτων,
496 1214 655 1251 minister
673 1224 697 1248 a
722 1209 882 1259 genibus,
908 1205 1066 1258 κρεμῶν
1084 1198 1128 1242 τὸ
1150 1193 1407 1251 ἐπιγονοὶτιον
1426 1194 1500 1233 τοῦ
1519 1186 1744 1244 ἀρχιερέως.

275 1272 471 1325 appendens
490 1269 643 1320 genuale
667 1264 894 1318 patriarchae
918 1275 978 1300 seu
1007 1259 1136 1298 summi
1156 1254 1358 1295 sacerdotis.
1412 1250 1467 1288 ita
1495 1247 1644 1294 Iunius;
1681 1243 1745 1294 qui

277 1331 391 1368 etiam
408 1325 451 1368 τό
474 1323 728 1378 ἒπιγονάτιον
742 1323 851 1359 vocat
877 1321 1067 1358 instratum
1094 1325 1266 1365 genuum,
1294 1310 1403 1362 quia,
1428 1309 1474 1344 ut
1496 1303 1640 1355 inquit,
1668 1313 1746 1340 cum

275 1384 488 1440 patriarcba
523 1379 853 1432 circumferebatur,
880 1379 922 1413 ut
942 1377 1148 1426 perpetuum
1175 1370 1287 1420 ipsius
1320 1365 1370 1404 ad
1397 1362 1601 1415 fundendas
1628 1370 1747 1410 preces
1788 1370 1790 1372 ’

278 1444 431 1494 officium
451 1441 727 1492 significaretur.
783 1433 939 1484 mystica
964 1427 1180 1480 explicatio,
1208 1435 1327 1473 eaque
1346 1423 1501 1472 propter
1527 1415 1682 1470 pulchra
1707 1417 1749 1452 et

278 1501 425 1539 festiva.
453 1498 580 1535 forsan
602 1495 703 1532 idem
726 1490 943 1542 mysterium
965 1486 1194 1537 significatur
1216 1494 1284 1532 per
1312 1477 1525 1530 pulvinum,
1558 1472 1623 1524 qui
1646 1471 1750 1524 prin-

276 1558 403 1610 cipum
422 1554 579 1606 genibus
600 1550 730 1589 subiici
753 1548 846 1586 etin
865 1558 950 1584 eum
968 1555 1077 1581 usum
1091 1536 1313 1579 circumferri
1332 1531 1524 1574 consuevit

397 1622 518 1662 Addit
544 1618 694 1659 Iunius:
736 1615 799 1654 hoc
827 1617 945 1652 autem
977 1603 1229 1664 ἐπιγονᾶτιον
1259 1601 1520 1655 appendebatur
1542 1611 1611 1637 non
1629 1595 1752 1648 patri-

281 1682 433 1730 archae,
463 1678 524 1718 sed
555 1677 676 1729 pluteo
708 1686 769 1711 seu
790 1670 954 1723 pegmati
984 1670 1023 1706 in
1055 1664 1144 1717 quod
1162 1661 1383 1715 procumbere
1410 1657 1541 1695 solebat
1573 1657 1752 1699 oraturus,

281 1744 325 1779 ut
351 1735 580 1787 magnatibus
596 1733 686 1784 fieri
706 1729 804 1768 solet.
861 1726 1016 1774 mirum,
1040 1723 1072 1760 si
1095 1723 1148 1759 ita
1178 1722 1260 1769 est,
1287 1714 1465 1768 appellari
1487 1704 1751 1765 ἔπιγονοὲτιον,

283 1809 361 1835 non
377 1794 504 1846 potius
525 1784 812 1841 ὖπογονοῖτιον.
842 1783 918 1834 logi
938 1780 1039 1819 meri.
1069 1772 1345 1830 ἔπιγονὰτιον,
1376 1771 1478 1821 quod
1499 1769 1539 1806 in
1560 1764 1754 1806 ritualibus

286 1854 516 1890 Graecorum
541 1846 643 1885 libris
673 1844 785 1882 etiam
817 1833 1091 1892 ὗπογονάτιον
1122 1832 1356 1884 appellatur,
1384 1840 1459 1866 una
1490 1829 1550 1864 est
1575 1837 1620 1862 ex
1640 1820 1756 1860 vesti-

284 1910 357 1947 bus
391 1907 525 1956 quibus
563 1901 728 1954 episcopi
758 1896 974 1936 sacrificium
1005 1890 1190 1945 peracturi
1229 1888 1454 1934 induuntur,
1489 1879 1704 1933 dependens
1732 1888 1756 1914 a

286 1965 422 2004 lumbis
448 1974 561 2012 super
583 1970 727 2009 genua3
756 1955 857 1992 unde
884 1953 995 1989 etiam
1021 1945 1275 2000 supergenuale
1299 1941 1520 1980 nominatur.
1551 1936 1615 1986 qui
1639 1934 1756 1985 igitur

288 2021 504 2075 pontificem
524 2018 595 2054 hoc
621 2011 857 2068 ἐπιγονατίῳ
886 2021 932 2047 ex
958 2006 1080 2045 officio
1111 2000 1326 2051 amiciebat,
1361 1998 1392 2035 is
1420 1998 1501 2034 erat
1531 1992 1556 2035 o‘
1583 1989 1650 2034 ἐπὶ
1673 1991 1756 2030 τοῖν

287 2074 484 2135 γονάτων.

405 2129 624 2170 Adscribam
640 2123 753 2165 verba
779 2118 1036 2168 Balsamonis,
1065 2115 1200 2166 quibus
1224 2109 1408 2164 imperitia
1433 2106 1529 2146 Iunii
1550 2100 1759 2157 proscribe-

293 2197 366 2230 tur.
403 2190 553 2227 exstant
571 2193 751 2234 responsa
772 2178 953 2228 quaedam
970 2172 1201 2212 Balsamonis
1220 2174 1308 2208 tom.
1338 2171 1361 2211 1
1379 2166 1473 2205 Iuris
1499 2162 1575 2201 GR
1593 2162 1645 2199 ad'
1663 2170 1759 2197 non-

293 2247 414 2286 nullas
441 2242 698 2295 quaestiones,
725 2237 823 2274 inter
846 2246 938 2283 quas
956 2231 1104 2269 ethaeo
1131 2228 1194 2266 fol.
1220 2228 1299 2268 381
1314 2253 1327 2276 ,
1356 2236 1405 2262 an
1427 2223 1524 2261 licite
1551 2216 1757 2262 sacerdotes,

297 2307 360 2357 qui
389 2300 574 2351 hegumeni
603 2309 663 2335 seu
687 2294 865 2332 antistites
893 2292 998 2336 sunt,
1040 2289 1122 2325 item
1146 2288 1359 2336 protopapas
1392 2283 1425 2318 et
1456 2280 1656 2330 episcopm,
1684 2273 1759 2323 epi-

296 2361 461 2400 maniciis
493 2360 527 2395 et
555 2351 768 2405 epigonatiis
790 2347 1062 2387 condecorentur.
1092 2341 1362 2393 respondetur:
1385 2338 1467 2376 τῶν
1495 2328 1760 2384 ἐπιμανικίων

296 2416 368 2459 καὶ
393 2411 651 2468 ἐπιγονατίων
681 2402 871 2458 ἷερωτᾶτη
900 2399 1114 2453 ἐνδυμενὶα
1144 2394 1284 2451 μόνοις
1305 2392 1530 2446 ἀρχιερεῦσι
1554 2383 1761 2439 πεφιλοτί-

300 2488 440 2528 μηται,
483 2468 742 2508 sacratissimus
773 2460 1058 2513 epimanz'ciorum
1095 2460 1128 2494 et
1168 2453 1447 2504 epigonatiorum
1487 2447 1638 2485 amictus
1677 2440 1760 2480 solis

298 2531 467 2582 episcopis
487 2536 663 2564 concessus
687 2523 738 2559 est
757 2523 926 2569 tanquam
941 2515 1102 2565 figuram
1134 2512 1266 2549 domini
1286 2513 1319 2547 et
1347 2505 1538 2545 servatoris
1563 2501 1676 2540 nostri
1703 2496 1762 2535 dei

297 2588 383 2628 Iesu
423 2584 558 2623 Christi
581 2577 804 2630 gerentibus,
831 2577 864 2612 et
898 2572 978 2610 hine
1004 2572 1111 2608 etiam
1137 2570 1286 2618 peccata
1317 2560 1593 2607 remittentibus,
1631 2559 1666 2595 et
1683 2553 1761 2592 alia

299 2644 349 2683 ad
372 2642 602 2680 imitationem
624 2634 760 2675 Christi
767 2629 986 2684 facientibus
1012 2637 1102 2678 quae
1127 2621 1364 2662 sacerdotibus
1385 2632 1455 2658 non
1478 2618 1560 2654 sunt
1586 2621 1759 2651 concessa.

302 2712 410 2753 quare
442 2708 550 2746 neque
575 2692 859 2745 epimaniciorum
887 2696 994 2736 neque
1025 2683 1300 2733 epigonatiorum
1338 2678 1472 2716 amictu
1505 2670 1762 2720 insigniuntur.

303 2769 390 2796 nam
423 2752 635 2805 epimanicia
666 2752 772 2799 typus
810 2745 891 2782 sunt
920 2740 1161 2784 vinculorum,
1194 2737 1318 2788 quibus
1351 2731 1487 2772 Christi
1510 2739 1636 2766 manus
1661 2722 1762 2762 colli-

305 2817 416 2864 gatae
435 2810 587 2861 fuerunt
613 2803 753 2859 quando
774 2801 825 2839 ad
853 2799 1046 2851 passionem
1072 2795 1245 2832 tendebat.
1274 2789 1511 2842 epigonatium
1535 2786 1652 2822 autem
1684 2779 1763 2829 (su-

303 2866 513 2923 pergenuale
527 2866 630 2903 vocat
650 2855 838 2912 interpres)
858 2857 987 2908 figura
1012 2855 1063 2891 est
1083 2847 1209 2900 lintei,
1236 2847 1327 2902 quod
1353 2844 1472 2886 induit
1501 2840 1658 2880 dominus
1686 2844 1764 2875 cum
