1820 3178
571 239 634 284 IN
670 240 863 284 comm
899 241 1008 285 GAP.
1042 240 1078 283 1.
1449 238 1541 285 147

106 347 297 400 &pensio
326 349 385 385 est
414 345 531 386 valere
560 349 707 400 ubique,
737 351 831 387 sinet
856 353 891 388 et
914 350 1027 401 ipsun
1038 360 1176 387 sacram
1187 353 1399 398 unguentum
1416 353 1448 386 et
1465 349 1542 388 olc'a

106 417 236 451 nera,
262 403 422 455 quanm&
448 414 521 441 uno
547 406 588 442 in
617 405 692 443 loco
709 405 955 456 sanctificata,
983 404 1085 443 semel
1107 408 1222 443 tamen
1238 407 1545 456 sanctificationem

106 459 236 511 adepta
247 460 376 510 ubique
390 470 466 496 ean
481 461 627 498 minem
644 465 678 498 et
696 464 868 506 exserunt,
886 460 1008 509 inquit
1035 460 1186 510 einins,
1209 461 1272 509 qui
1289 464 1328 498 et
1347 461 1457 498 docet
1475 475 1542 499 an-

106 517 271 554 masia
290 526 358 552 nm
377 516 490 565 prino
507 517 631 554 statim
656 516 886 554 dedicationis
906 517 964 554 die
991 516 1202 563 distributa,
1229 517 1377 554 sedtum
1396 517 1545 565 demum,

106 571 173 609 aba·
201 573 435 620 tegimentum
464 569 594 609 altaris
618 583 685 622 per
714 573 893 622 saon-'ficia
929 575 1054 622 septem
1086 574 1257 610 continuis
1282 572 1401 610 diebus
1426 572 1547 610 oblata

108 627 418 678 smetvfioatioroen
442 629 648 677 necavisset,
675 629 714 664 in
734 631 853 677 partes
873 626 1024 664 divisum
1045 630 1077 664 et
1093 640 1159 677 pro
1180 629 1397 666 antimenn'is
1421 629 1548 666 distri-

108 682 228 720 butum
254 694 335 719 esse.
388 680 428 718 in
452 682 606 720 eandem
623 683 843 720 sententiam
860 681 1089 732 Nicephorus
1103 682 1308 733 patriarcha
1327 683 1548 734 Cpolitanus

107 743 197 775 tom.
218 740 236 777 l
252 736 346 774 Iuris
365 735 440 773 GR
455 737 518 775 fol.
538 739 591 779 29
605 741 812 776 antimensia
825 767 835 785 ‚
862 739 1005 788 inquit,
1033 739 1226 789 ubicunque
1248 740 1361 790 fuerit
1381 742 1427 777 iis
1448 752 1549 789 opus,

108 795 315 838 mittuntur,
340 792 467 830 necve!
483 793 551 830 linc
574 793 630 831 vel
649 793 717 831 illa
743 797 883 843 regione
913 795 1257 839 circumscribuntur,
1285 795 1348 832 sed
1372 797 1411 831 in
1437 795 1550 832 aliam

109 860 243 899 quoque
259 850 475 898 provinciam
491 849 748 913 transfenfntur
767 852 858 887 sicin
881 854 914 886 et
932 862 1070 887 sacrum
1086 854 1309 899 unguentum.
1349 850 1455 887 addit
1479 850 1550 887 Ni—

110 904 290 971 oephorus
313 903 540 941 notationem
566 905 741 942 nominis:
767 908 819 943 sie
833 908 948 942 autem
967 905 1185 956 appellantur
1199 920 1255 952 ως
1273 901 1549 957 ‹ivi-inoduorum

109 958 179 999 καὶ
199 955 392 999 ἆντίτυπα
410 962 489 999 τῶν
514 963 672 999 πολλῶν
698 962 850 1012 μίνσων
872 976 955 1000 των
978 958 1285 1024 κάταρτιζόντων
1317 958 1388 1010 τήν
1426 960 1547 1012 ἆγίαν

109 1014 180 1055 καὶ
215 1012 452 1080 Btcwofsxnv
482 1011 687 1066 τράπεζαν.
743 1021 831 1054 sunt
861 1017 957 1054 enim
997 1016 1112 1066 ipsius
1144 1021 1377 1054 consecratae
1398 1029 1546 1054 mensae

112 1083 178 1108 seu
201 1082 287 1108 arae
307 1072 573 1109 vioaria:na1n
594 1076 637 1109 ut
655 1072 752 1110 idem
779 1072 1010 1123 Nicephorus
1034 1073 1145 1122 dicit,
1166 1075 1306 1123 proprie
1329 1085 1460 1110 mensas
1480 1085 1546 1109 seu

111 1139 196 1165 aras
222 1126 430 1176 significant
451 1139 538 1176 quas
558 1131 767 1166 consecratio
792 1141 860 1166 non
885 1130 1130 1178 sanctificavit.
1185 1132 1311 1165 monet
1339 1128 1448 1166 etiam
1477 1129 1548 1166 hoc

112 1182 363 1233 Nicephorum:
394 1184 501 1232 siper
516 1186 751 1232 ignorantiam
765 1183 871 1222 lotura
881 1183 992 1233 suerit
1004 1187 1244 1222 antimensium
1253 1213 1266 1231 ,
1291 1197 1358 1221 non
1366 1188 1549 1234 propterea

114 1241 272 1278 aniam
300 1239 606 1288 modificationem
633 1252 694 1277 nec
726 1240 915 1290 profanum
939 1239 1040 1288 effici.
1111 1252 1179 1290 pro
1211 1251 1286 1288 quo
1310 1239 1389 1288 alii,
1421 1240 1552 1276 vitiose

112 1306 265 1346 prorsus
304 1293 478 1342 nulloque
513 1307 642 1344 sensu,
682 1296 717 1332 si
738 1295 911 1346 impletum
934 1295 1050 1345 suerit
1075 1297 1335 1333 antimensium:
1383 1295 1550 1332 nimirum

112 1363 183 1401 pro
220 1352 362 1404 πλυθῇ
390 1349 560 1399 legerunt
589 1353 823 1402 πληθυνθῇ.
880 1362 975 1398 quae
1007 1350 1138 1388 vitiosa
1167 1350 1275 1388 lectio
1307 1363 1331 1387 a
1360 1350 1551 1388 Bonefidio

114 1405 280 1457 prosecta
305 1408 426 1442 exstat
450 1406 560 1443 etiam
581 1410 669 1443 tom.
696 1409 721 1446 6
745 1406 992 1443 Bibliothecae
1019 1407 1087 1443 SS.
1118 1406 1280 1444 Patrum.

224 1461 270 1499 In
293 1460 521 1511 Euchologio
541 1462 764 1499 Graecorum
787 1462 1044 1512 praescribitur
1072 1458 1198 1509 τάξις,
1242 1462 1312 1498 hoc
1340 1464 1398 1497 est
1420 1463 1552 1498 modus

115 1521 155 1555 et
179 1518 289 1566 ordo,
319 1518 556 1555 consecrandi
579 1517 808 1555 antimensia.
865 1518 1024 1567 quando,
1052 1517 1195 1565 inquit,
1234 1516 1425 1553 sacerdotes
1455 1520 1553 1553 ariti-

114 1575 246 1611 mensia
264 1585 399 1610 mensae
421 1575 622 1622 imponunt,
644 1573 718 1609 illis
741 1585 783 1610 ex
806 1572 969 1609 oenanthe
1000 1585 1060 1609 seu
1076 1573 1169 1621 flore
1192 1574 1267 1609 vini
1295 1571 1555 1622 superinfundit

115 1630 292 1694 episcopm
313 1631 366 1664 ter
387 1631 552 1678 quantum
566 1630 678 1676 satis,
703 1630 848 1664 recitato
871 1629 1009 1664 interim
1030 1625 1214 1676 psalmo“
1213 1639 1375 1676 asperges
1410 1638 1462 1663 me
1489 1627 1554 1663 do-

116 1686 207 1721 mine
227 1683 394 1733 hyssopo,
437 1687 471 1719 et
487 1683 695 1729 niundabor,
737 1683 874 1720 lavabis
899 1695 969 1730 me,
1015 1686 1048 1719 et
1080 1694 1180 1731 super
1205 1684 1317 1719 nivem
1338 1677 1555 1719 dealbabor?

119 1739 181 1776 hoc
206 1742 257 1776 ter
277 1738 372 1776 dicto
391 1738 527 1788 reliqua
549 1739 699 1776 eiusdem
715 1738 849 1789 psalmi
877 1737 1066 1786 adeungit,
1094 1737 1257 1787 deumque
1282 1736 1475 1775 benedicens
1501 1741 1556 1774 ait

115 1793 332 1832 “benedictus
350 1793 434 1831 deus
462 1797 598 1839 noster,
621 1807 715 1831 nunc
741 1798 774 1831 et
802 1806 928 1844 semper
949 1797 983 1831 et
1003 1795 1042 1830 in
1064 1793 1180 1830 secula
1197 1793 1407 1840 seculorum,
1427 1788 1558 1830 amen?

113 1854 236 1902 postea
257 1853 396 1899 accepto
419 1852 515 1887 sacri
534 1852 705 1898 unguenti
724 1862 825 1895 vase,
854 1853 887 1886 et
912 1849 1060 1887 diacono
1090 1849 1260 1886 clamante
1280 1844 1558 1895 “attendamm‚”

114 1907 215 1957 facit
230 1919 296 1956 per
316 1907 559 1943 αηίιηιεηείηηι
581 1918 697 1943 cruces
724 1909 813 1953 tres,
844 1917 950 1942 unam
974 1917 1039 1955 per
1059 1904 1226 1953 medium,
1260 1906 1423 1954 utrinque
1450 1904 1556 1951 duas,

119 1964 351 2012 recitaturque
375 1960 533 2011 psalmus
565 1959 660 1998 “ecce
695 1974 799 2011 quam
838 1961 959 1998 bonum
992 1964 1026 1997 et
1061 1973 1165 2010 quam
1201 1955 1413 1997 iucundum”
1451 1973 1559 2010 usqne

119 2017 169 2055 ad
182 2018 316 2068 fflem3
342 2016 506 2066 deumque
532 2016 732 2053 collaudans
756 2017 844 2055 ἀπ’·σιί
866 2018 1042 2066 episcopus
1062 2014 1201 2064 “'glona
1230 2016 1316 2062 tibi,
1344 2019 1468 2052 sancta
1490 2017 1555 2051 tri—

118 2075 236 2121 nitas,
268 2072 352 2110 deus
383 2076 496 2109 noster
523 2075 562 2109 in
593 2067 744 2111 secula?
794 2072 914 2109 deinde
945 2075 1086 2139 accepto
1119 2070 1271 2108 turibulo
1292 2073 1467 2108 incensum
1493 2070 1562 2120 sa-

126 2131 196 2172 σῆς
218 2131 251 2165 et
276 2128 422 2165 diacono
445 2126 619 2165 dicente“
619 2140 749 2165 oremus
777 2123 974 2165 dominum”
1002 2130 1052 2165 sic
1070 2131 1236 2177 precatur
1260 2126 1437 2177 pontifex.
1469 2126 1561 2162 sub-

120 2184 261 2220 duntur
283 2183 416 2219 deinde
437 2195 583 2232 preoeS‚
616 2196 707 2232 quas
735 2195 845 2232 super
873 2185 1079 2220 ontimensia
1105 2182 1271 2233 pontifex
1299 2182 1440 2227 sundit3
1471 2193 1562 2229 qua-

121 2251 204 2276 rum
227 2238 407 2275 desiderio
429 2238 490 2286 qui
508 2242 677 2288 tenetur,
701 2239 732 2275 is
757 2237 1022 2288 Euchologium
1042 2237 1220 2275 consulat.

234 2292 358 2330 Animi
389 2305 500 2330 causa
531 2294 632 2331 iuvat
662 2295 799 2331 addere
822 2295 1073 2342 quaestionem
1100 2293 1229 2330 Ioanni
1256 2292 1373 2330 Citrio
1394 2291 1564 2342 proposi-

124 2352 226 2398 tam,
265 2349 354 2396 quid
384 2350 525 2387 Graece
553 2349 733 2398 significet
757 2352 1021 2399 enutriendum,
1058 2352 1097 2386 et
1122 2349 1306 2397 quomodo
1333 2347 1564 2384 scribendum

124 2405 197 2454 sit,
220 2416 309 2441 num
326 2415 392 2454 per
410 2398 487 2454 ἦτα
512 2416 560 2441 an
587 2417 653 2454 per
675 2405 782 2444 ἰῶτα.
836 2406 885 2442 ad
910 2405 1004 2442 hanc
1027 2405 1278 2453 quaestionem
1296 2404 1349 2440 ita
1361 2402 1564 2452 respondet

126 2460 279 2498 Citrins.
333 2459 520 2510 appellatio
542 2459 724 2497 deducitur
745 2473 769 2498 a
793 2472 934 2509 mett-va,
973 2460 1064 2511 quod
1094 2459 1278 2497 secundum
1305 2459 1454 2495 Graecos
1488 2459 1566 2507 φα·-

128 2516 205 2554 dem
232 2516 412 2566 significat
441 2517 594 2554 κανοῦν
625 2518 832 2561 canistrum,
866 2520 899 2553 et
925 2515 1110 2553 secundum
1140 2513 1304 2550 Italicam
1335 2513 1490 2561 linguam
1522 2509 1564 2551 το“

126 2567 521 2622 πεπραγματευμένον
537 2573 619 2616 τοῖς
645 2569 855 2618 ἓψοποιοῖς
882 2566 1052 2610 ἕδεστόν.
1108 2570 1309 2617 interpres:
1339 2567 1459 2604 venale
1482 2580 1565 2616 pro-

123 2629 327 2678 pinatorum
351 2625 502 2663 edulium
528 2623 658 2676 (quam
679 2625 774 2663 bene
795 2626 972 2675 Graecus,
1000 2628 1076 2661 tam
1096 2624 1191 2660 bene
1206 2622 1338 2659 Graeci
1357 2622 1566 2672 interpres).

129 2682 319 2719 audiamus
346 2685 499 2718 caetera.
556 2681 622 2718 hae
653 2683 788 2719 ratione
816 2686 849 2719 et
868 2684 907 2719 in
928 2682 1054 2718 mensis
1074 2679 1268 2729 explicatae
1286 2690 1431 2729 mappae
1454 2681 1569 2715 nomi-

131 2741 264 2775 nantur
282 2737 469 2784 mensalia,
493 2740 662 2786 tanquam
686 2737 735 2774 ad
759 2741 917 2774 matum
945 2747 1079 2773 mensae
1099 2735 1229 2784 posita.
1284 2734 1431 2783 vulgari
1453 2737 1568 2770 autem

132 2805 201 2829 usu
224 2794 429 2830 antimensia
451 2792 615 2829 dicuntur
634 2795 674 2827 ut
689 2793 727 2829 in
748 2793 899 2830 vestibus
917 2792 1086 2840 antipana
1104 2787 1344 2839 (antipanni).
1401 2788 1484 2825 haec
1499 2801 1568 2825 au-

133 2851 201 2885 tem
224 2850 265 2886 in
283 2850 413 2886 sanctis
431 2847 505 2885 illis
522 2850 700 2898 ponuntur
719 2849 843 2885 mensis
875 2859 963 2898 quas
989 2847 1197 2883 consecratio
1226 2857 1293 2882 non
1322 2844 1568 2894 sanctificavit.
