1820 3178
553 225 614 269 IN
638 226 834 271 CODINI
870 226 983 270 GAP.
1013 225 1050 270 1.
1435 223 1526 271 145

92 334 223 384 δηίοις
236 330 525 389 δευτερὸπρωτα
543 331 744 389 σᾶββατα,
771 333 841 378 καὶ
865 332 974 390 παρὰ
989 338 1074 385 τοῖς
1092 335 1239 384 δεινοῖς
1256 337 1463 387 σοφισταῖς
1480 333 1530 378 ω’

91 386 376 446 quofronte,
401 394 446 429 ut
461 391 553 429 acite
569 392 622 430 ait
635 393 783 431 citrius.

182 475 219 512 p.
232 464 256 502 5
278 477 314 501 v.
329 465 386 502 16.
401 461 424 500 ὅ
445 462 473 500 ἆ
516 477 568 501 ov
581 466 650 502 τοῦ
658 464 880 512 εὐαγγελίου]
901 466 1049 509 consule,
1112 465 1260 501 laborem
1277 469 1437 509 meretur,
1459 465 1534 501 Eu-

93 509 282 556 «bebai-m
293 515 444 546 nonum
457 513 492 546 so
532 513 601 550 770
613 517 650 547 et
663 514 728 548 811
743 511 828 557 περὶ
842 514 941 558 λιτῆς
956 517 992 547 et
1005 511 1179 556 evangelio
1193 511 1228 546 in
1241 522 1286 546 ea
1297 512 1455 557 legendo.

202 579 251 618 ib.
268 592 304 618 v.
324 581 388 623 17.
443 580 620 630 Sequitur
646 579 672 622 ό
696 578 827 631 ἄρχων
861 582 942 620 τοῖν
974 577 1145 631 φώτων,
1185 591 1294 629 quem
1320 581 1535 620 Bonefidius

94 638 203 673 vocat
223 635 465 687 luminas-ima,
488 637 614 675 lunius
627 637 845 689 praesectum
859 636 1059 675 lumim'bus.
1116 636 1193 673 eius
1218 641 1298 675 erat
1324 649 1447 675 curam
1468 649 1535 687 ge-

95 703 176 729 rere
203 693 421 742 φωτιστῦν,
447 705 575 730 recens
593 692 874 730 illuminatorum
896 705 962 730 seu
984 692 1274 743 baptizatorum:
1294 693 1409 731 veteri
1438 693 1536 731 enim

94 746 268 785 eccloeiae
288 747 413 798 phrasi
436 748 628 800 baptismus
650 748 857 800 appellatur
878 745 1076 799 φωτισμός
1094 751 1133 784 et
1145 748 1322 799 baptizati
1333 750 1534 799 φωτιστοί,

95 803 221 842 forsan
250 815 326 841 non
345 803 426 842 sine
444 809 613 855 respectu
639 805 688 843 ad
707 805 970 842 caeremoniam
998 804 1184 853 quandam
1206 815 1301 852 quae
1314 804 1537 855 baptismum

94 859 408 909 subsequebatur:
440 860 623 899 dabantur
648 861 744 898 enim
766 860 956 911 baptizato
969 860 1062 898 cerei
1080 860 1221 897 accensi
1236 859 1273 897 in
1293 861 1439 911 signum
1453 861 1538 898 fidei

96 919 137 952 et
163 916 304 966 gratiae
330 920 521 966 acceptae,
552 921 591 955 et
619 917 720 966 quod
747 928 770 953 a
795 920 984 967 potestate
1006 915 1240 953 tenebrarum
1259 916 1459 954 translatus
1479 928 1538 954 es·
1563 916 1593 955 Ρ
1618 920 1683 955 169

96 974 156 1008 set
181 972 231 1009 ad
249 971 371 1009 lumen
391 976 431 1010 et
457 976 594 1010 sortem
613 975 833 1010 sanctorum.
890 972 1054 1011 meminit
1075 972 1183 1009 huius
1201 973 1447 1010 caeremoniae
1459 971 1538 1010 Na-

95 1027 294 1064 zianzenus
329 1031 422 1065 orat.
451 1030 491 1066 in
523 1033 680 1067 sanctum
710 1029 914 1077 lavacrum,
959 1032 998 1065 et
1029 1028 1068 1065 S.
1108 1027 1339 1077 Augustinus
1374 1028 1413 1065 in
1445 1028 1537 1066 illud

97 1081 231 1120 Psalm.
254 1083 327 1125 65:
355 1085 580 1123 transivimus
606 1097 670 1136 per
695 1086 812 1134 ignem
839 1088 873 1122 et
895 1096 1023 1135 aquam
1042 1087 1108 1126 etc.
1165 1083 1291 1120 lunius
1314 1085 1424 1121 ritum
1439 1084 1538 1122 hunc

95 1138 269 1189 involvit,
305 1151 353 1176 ne
388 1140 556 1178 emineat.
609 1141 901 1188 accendebantur,
936 1139 1078 1188 inquit,
1117 1139 1319 1180 luminaria.
1383 1143 1424 1177 at
1460 1152 1538 1177 non

97 1198 243 1232 tantum
271 1194 362 1245 hoc,
395 1196 463 1233 sed
484 1201 523 1233 et
549 1208 702 1234 accensa
728 1195 971 1234 tradebantur
991 1194 1199 1246 baptizatis.
1256 1197 1362 1246 atqui
1374 1195 1453 1245 hic,
1479 1196 1536 1232 in-

99 1251 200 1300 quit,
224 1251 317 1288 ritus
340 1251 514 1290 ordinarie
538 1253 587 1290 ad
610 1252 815 1303 baptismum
835 1252 1090 1290 observabatur.
1146 1263 1212 1289 cur
1238 1250 1353 1300 igitur
1371 1264 1438 1289 vos
1455 1263 1537 1288 mu·

97 1307 207 1344 tastis
226 1310 266 1344 et
282 1306 522 1357 abrogastis‘?
555 1313 735 1360 praeterea
760 1321 840 1346 vero
866 1309 1103 1346 amtivenarie
1125 1308 1164 1345 in
1186 1307 1427 1356 singularibus
1456 1309 1539 1358 qui-

99 1362 243 1401 busdam
276 1362 396 1401 diebus
427 1363 537 1415 festa}
564 1376 630 1415 per
665 1363 944 1415 lampadan‘um,
982 1367 1023 1401 ut
1052 1365 1092 1401 in
1129 1362 1193 1400 hoc
1224 1362 1313 1400 libro
1341 1362 1543 1413 appellatur

97 1430 135 1469 p.
151 1416 204 1459 44
219 1419 273 1459 10
291 1423 331 1456 et
349 1420 424 1469 23,
451 1418 762 1470 (accendebantur
778 1419 869 1456 haec
885 1417 1105 1468 luminaria.)
1158 1421 1198 1456 at
1215 1417 1456 1469 lampadarius
1469 1418 1541 1455 iste

98 1473 188 1511 nihil
210 1473 283 1511 huc
309 1475 414 1512 facit:
447 1480 527 1513 erat
557 1476 653 1513 enim
678 1476 836 1513 officium
865 1476 943 1512 eius
968 1475 1191 1526 palatinum,
1219 1486 1296 1510 non
1322 1473 1542 1511 ecclesiasti-

99 1542 202 1575 cum3
230 1529 534 1581 praeferebatque
557 1531 764 1581 lampadem
789 1543 979 1568 accensam
1000 1542 1076 1567 non
1097 1528 1342 1577 singularibus
1360 1530 1542 1566 duntaxat

99 1586 205 1623 sestis
223 1590 263 1623 et
279 1587 546 1634 anniversarie,
576 1588 643 1624 sed
660 1587 806 1635 quoties
825 1587 1024 1636 imperator
1042 1586 1080 1621 in
1101 1583 1286 1634 publicum
1304 1584 1544 1634 procedebat,

100 1645 144 1678 ut
172 1653 216 1679 ex
244 1641 463 1679 Balsamone
488 1642 583 1679 insta
610 1643 804 1680 ostendam
821 1642 869 1678 ad
889 1654 925 1691 p.
945 1640 999 1682 45
1022 1653 1057 1678 v.
1080 1643 1114 1681 1.
1171 1639 1282 1689 longe
1299 1652 1389 1689 ergo
1410 1639 1502 1676 alins
1521 1638 1545 1678 ὁ

100 1694 235 1748 ἅρχων
254 1699 334 1737 τῶν
353 1695 498 1747 φώτων
516 1702 555 1734 et
574 1697 664 1734 alius
684 1696 708 1738 ὁ
725 1693 1005 1748 λαμπαδᾶριος.
1061 1707 1182 1743 neque
1201 1698 1346 1733 tantum
1358 1695 1470 1732 semel
1489 1694 1547 1733 vel

101 1753 296 1801 aliquotioe
324 1753 362 1790 in
392 1765 490 1791 anno
515 1765 605 1790 usus
632 1753 808 1791 luminum
836 1756 916 1790 erat
941 1752 979 1789 in
1005 1751 1174 1802 templis,
1202 1752 1271 1788 sed
1300 1756 1481 1802 perpetuo
1506 1754 1546 1788 et

102 1813 186 1846 toto
217 1821 334 1856 anno;
362 1809 473 1846 etiam
504 1812 593 1846 tunc
624 1810 774 1857 quando
807 1808 898 1845 nulli
929 1804 1187 1856 νεοφώτιστοι
1210 1808 1382 1845 aderant:
1422 1818 1545 1855 neque

102 1865 199 1902 enim
219 1865 330 1902 moris
349 1869 430 1902 erat
445 1864 595 1903 Graecis
612 1865 797 1914 liturgiam
815 1865 894 1902 sine
914 1863 1110 1901 luminibus
1129 1862 1322 1901 celebrare.

191 1929 275 1963 ibid.
314 1925 334 1963 ὅ
351 1925 474 1973 ἅρχων
488 1929 562 1963 τῶν
582 1927 726 1974 φώτων]
743 1929 808 1963 hoc
823 1928 971 1962 officium
984 1928 1019 1961 in
1034 1930 1195 1972 quattuor
1207 1925 1366 1959 videntur
1379 1924 1548 1959 Allatiana

103 1973 152 2007 dis
229 1974 239 1983 ‘
259 1973 291 2018 ¹,
315 1973 380 2007 hoc
400 1981 518 2019 pacto:
556 1972 576 2008 ὁ
598 1971 803 2019 κατηχητὴς
823 1973 1003 2018 κατηχίζει
1034 1968 1116 2015 (τὸν
1134 1968 1225 2005 λαὸν
1245 1969 1309 2005 καὶ
1329 1970 1381 2013 Μ)
1402 1968 1548 2010 πάντας

103 2031 126 2053 τ
213 2016 486 2063 εἰσερχομένους
506 2015 546 2053 ἐκ
562 2019 635 2054 τῶν
657 2016 879 2062 ἑτεροδόξων
908 2016 962 2058 εἰς
990 2013 1060 2062 τὴν
1083 2013 1295 2059 ὀρθόὸοξον
1323 2015 1465 2059 πίστιν,
1498 2012 1547 2056 ὡς

105 2063 169 2098 ἵνα
189 2061 232 2099 τὸ
255 2060 362 2108 ἅγιον
384 2063 568 2110 βάπτισμα
590 2062 779 2106 δέξωνται.
826 2061 847 2099 ὁ
879 2059 1118 2106 περιοὸευτὴς
1141 2061 1351 2104 περιπατῶν
1374 2058 1438 2094 καὶ
1458 2070 1546 2094 παι·

104 2106 302 2153 δευόμενος
322 2107 486 2153 (ὁδηγῶν
500 2110 555 2153 Μ)
576 2107 662 2149 τοὺς
678 2107 859 2149 θέλοντας
880 2108 1133 2155 βαπτισθῆναι
1155 2108 1201 2152 τῇ
1215 2102 1410 2161 ᾇρθοδόξῳ
1431 2105 1548 2139 πίστει

515 2153 526 2165 j

105 2151 304 2194 (εἰσελθεῖν
334 2151 387 2193 εἰς
408 2151 476 2198 τὴν
506 2152 717 2197 ορθόδοξον
741 2156 863 2189 πίστιν
887 2154 955 2196 Μ).
1004 2150 1026 2187 ὁ
1059 2150 1417 2206 βουτωτης,ἴστατοξι
1440 2145 1480 2184 ἐν
1503 2149 1553 2195 τῇ

369 2196 379 2207 Ι

105 2196 193 2245 ἁγίᾳ
217 2199 354 2278 ηομες
411 2211 479 2245 ρᾳ,
503 2198 566 2233 καὶ
587 2197 607 2234 ὃ
631 2196 748 2244 ἴερεῦς
767 2197 860 2244 λέγει
881 2195 948 2238 τοὶς
969 2194 1097 2251 εὐχάς,
1129 2193 1150 2231 ὁ
1175 2193 1217 2231 δὲ
1241 2206 1426 2249 αρχιερεέις
1440 2205 1549 2248 οταν-ε·

107 2243 216 2286 odra
236 2255 279 2278 το
352 2255 424 2287 mo,
456 2242 476 2277 ὁ
493 2240 536 2278 δὲ
553 2242 744 2290 βουτιστὴς
764 2243 927 2290 βαπτίζει
941 2241 1008 2278 τὸν
1021 2245 1199 2288 μελλοντοι
1215 2241 1479 2287 βαπτισθηναι.
1527 2250 1549 2272 ο

105 2287 315 2333 μυροδότης
336 2288 399 2323 ἵνα
422 2285 640 2330 ὑποκρατοῖν
660 2286 703 2325 τὸ
730 2286 838 2334 ἅγιον
858 2286 996 2334 μύρον,
1030 2286 1095 2323 καὶ
1117 2283 1214 2323 ὅπου
1231 2283 1279 2321 τὸ
1302 2282 1412 2330 ὁρίζει
1435 2282 1456 2318 ὁ
1480 2280 1546 2326 ἆρ-

106 2330 244 2379 χιερεὺς
256 2334 323 2368 τοῦ
336 2334 469 2368 δοῦναι
481 2334 609 2378 μῦρον.

218 2402 260 2442 p.·
276 2392 303 2434 5
321 2405 355 2429 v.
377 2393 439 2432 18.
496 2392 657 2430 Ultimus
676 2393 715 2430 in
732 2392 802 2430 hac
821 2393 981 2444 pentade
1000 2396 1059 2430 est
1075 2390 1099 2432 o‘
1117 2387 1250 2443 ἅρχων
1266 2390 1347 2428 τῶν
1368 2383 1550 2437 οἷντιμιν-

109 2447 209 2488 σίων
240 2459 307 2485 seu
335 2443 602 2499 ἄντιμινσίου,
639 2444 809 2501 εἰσάγων
835 2446 931 2497 τούς
950 2445 1244 2500 εἰσερχομένους
1263 2443 1319 2490 εἰς
1337 2439 1413 2492 τήν
1432 2439 1551 2493 ἁγίαν

108 2499 351 2555 μετάληψιν,
387 2503 589 2554 praefectus
621 2507 916 2554 antimenn‘orum,
946 2504 1111 2543 inducens
1136 2515 1191 2539 eos
1218 2501 1280 2551 qui
1305 2509 1443 2536 sacram
1459 2509 1551 2535 com-

109 2560 298 2598 munionem
314 2560 469 2610 accipere
486 2559 620 2598 volunt.

199 2622 285 2658 ibid.
315 2622 580 2677 Cbarwpbylax,
599 2626 752 2668 utsupra
763 2623 870 2659 visum
885 2626 960 2667 est,
981 2620 1025 2656 ad
1042 2617 1323 2659 ecclesiasticam,
1346 2615 1402 2650 hic
1421 2614 1466 2649 ad
1488 2614 1551 2649 lai·

111 2677 185 2702 eam
198 2678 457 2702 communionem
474 2672 606 2703 mvntat.

221 2725 349 2763 Iunius
367 2727 570 2777 praefectus
591 2730 781 2766 anteccuui
805 2739 959 2773 mensae,
983 2723 1161 2763 adducens
1188 2734 1242 2758 eos
1271 2721 1445 2771 quierant
1462 2731 1552 2757 ven-

113 2782 189 2818 tau-i
210 2782 259 2819 ad
284 2785 545 2820 communionem
571 2795 719 2822 sacram.
773 2784 899 2834 inepte
924 2791 1098 2832 prorsus,
1125 2781 1164 2814 et
1184 2776 1305 2813 adhuc
1327 2776 1486 2826 ineptius
1512 2774 1551 2811 in

112 2835 279 2886 scholiis,
307 2842 350 2874 ut
371 2838 460 2875 satis
482 2839 602 2876 mirari
626 2850 804 2887 nequeam
827 2838 982 2878 hominis
997 2835 1103 2873 huius
1122 2833 1178 2870 his
1199 2833 1237 2869 in
1262 2831 1372 2869 rebus
1390 2843 1456 2867 seu
1472 2826 1552 2870 ὄλι-

169 2897 290 2932 Codin.
319 2897 518 2942 Curopalat.
548 2898 590 2932 de
619 2899 716 2943 Offic.
1235 2887 1287 2927 10
