1864 3164
239 169 337 213 222
441 167 715 213 GRETSERI
741 168 811 210 ET
835 168 914 210 GO
916 167 1009 211 ARI
1034 168 1469 212 COMMENTARIUS

237 275 378 321 aliisque
400 276 566 311 nonnullis
588 275 830 332 exemplaribus
853 273 1213 321 χρυσοκλαὸαριστήν
1235 275 1383 318 diceret,
1404 276 1461 310 ‘ob
1470 273 1680 334 χρυσοκλᾶ-

236 322 327 362 ὃους
348 323 422 356 sive
444 319 800 379 χρυσοκλαδαρικοίς,
831 322 950 366 quibus
972 333 1054 355 auro
1078 322 1161 356 ludit
1183 322 1330 366 figuras,
1357 332 1445 367 quae
1467 319 1598 367 ἱματίῳ
1622 333 1680 355 re-

238 374 358 413 ceptae
381 364 529 412 φύλλοις
551 366 613 401 nai
635 366 783 407 κλάδοις
803 364 1100 411 πεποικιλμένον,
1130 368 1229 412 foliis
1252 372 1285 401 et
1310 369 1520 402 ramunculis
1542 367 1682 402 varium

237 413 387 447 reddunt
411 418 443 446 et
465 414 675 447 distinctum.
723 409 823 456 ῥ’ίζοις
844 413 888 446 ob
910 412 1054 458 implexa
1076 424 1117 446 ac
1138 424 1200 447 acu
1223 413 1358 447 ludente
1372 413 1476 447 variis
1493 411 1681 446 tramitibus

237 458 341 491 ducta
365 459 504 492 ramalia
524 459 652 492 scribet
682 469 836 492 numerus
869 469 1013 502 sequens
1044 458 1175 494 tertius.
1221 463 1304 502 quot
1324 458 1408 492 enim
1427 459 1533 492 ramis
1555 457 1682 498 aureis,

236 514 304 547 qua
328 504 428 538 rectis
452 514 518 548 qua
541 504 730 546 contortis,
765 504 819 537 bic
845 503 1078 538 discriminatis
1101 508 1135 538 et
1170 503 1304 545 divisis,
1334 503 1383 537 ibi
1403 503 1500 538 simul
1523 501 1683 544 collectis,

235 559 323 582 nunc
347 549 603 592 enascentibus,
627 548 708 583 alibi
732 549 894 583 truncatis
918 549 975 583 vel
994 549 1138 583 iucunde
1163 547 1412 592 desinentibus,
1435 548 1545 594 pingit
1565 558 1606 582 ac
1620 558 1683 581 va·

238 593 303 627 riat
326 594 525 628 materiam?
570 594 623 628 hic
645 598 758 628 autem
792 605 857 628 non
889 595 1003 629 clavos
1035 593 1096 628 sed
1125 595 1338 628 characteres
1365 604 1503 637 aureos,
1534 593 1684 638 gerentis

236 650 354 673 nomen
381 639 627 686 exprimentes,
647 639 682 674 in
705 640 771 675 ima
793 639 873 685 pilei
891 651 972 683 ora,
995 639 1021 673 si
1044 639 1157 683 lubet,
1181 639 1358 674 annotabis
1380 644 1550 676 exaratos.

350 727 385 764 p-
406 717 455 756 13
470 727 504 752 V.
521 715 556 755 8.
578 712 838 765 συρματέϊνον
849 715 1081 765 fimbriatum,
1093 728 1115 752 a
1128 718 1311 764 syrmate3
1331 711 1404 763 quo
1418 714 1566 752 nomine
1579 713 1686 751 intel-

237 771 314 821 ligo
335 771 508 820 utrinque
536 771 784 820 dependentia
802 783 846 808 ex
872 773 1010 810 sciadio
1039 785 1104 809 seu
1125 771 1221 822 pileo
1241 771 1346 820 quasi
1371 770 1522 808 reticula
1546 782 1612 807 seu
1629 770 1671 807 fu

239 827 398 871 nicnlos;
429 839 546 877 quos,
573 827 604 863 si
625 826 747 876 lubet,
776 827 889 865 oculis
909 828 1086 879 inspicere
1115 828 1254 878 poteris
1272 828 1310 864 in
1331 826 1448 864 tribus
1468 825 1687 876 imaginibus

243 884 528 933 imperatorum,
557 894 652 931 quae
680 883 846 921 visuntur
872 885 979 922 initio
1011 882 1211 934 Nicephori
1241 883 1431 932 Gregorae
1457 895 1501 920 ex
1527 882 1690 920 editione

241 939 443 976 Basileensi
461 941 579 982 1562.
600 951 676 976 non
694 939 865 977 absimilis
885 944 942 978 est
967 940 1129 989 effigies,
1159 951 1269 988 quam
1289 939 1396 976 nobis
1419 938 1688 988 Turcograecia

242 999 506 1046 repraesentat.
554 992 939 1063 χρυσοκλαβαρικόν,
979 994 1260 1048 συρματέϊνον,
1295 999 1340 1032 ut
1374 1007 1450 1033 non
1484 994 1688 1032 referantur

243 1065 325 1089 cum
341 1051 445 1090 Iunio
459 1052 507 1088 ad
528 1047 730 1088 voculam'
708 1050 905 1104 ονόματα,
932 1053 999 1089 sed
1019 1053 1067 1090 ad
1093 1052 1214 1103 ipsum
1234 1051 1408 1089 sciadion.

335 1132 420 1166 ibid.
466 1128 584 1175 σύρμα
606 1131 653 1165 nil
674 1131 781 1167 minus
803 1143 901 1176 quam
921 1132 1008 1176 pilei
1028 1132 1173 1166 reticula
1197 1142 1257 1166 seu
1287 1130 1459 1174 funiculos
1487 1129 1615 1171 refert,
1651 1131 1689 1163 ut

246 1177 290 1211 ab
313 1188 353 1211 eo
378 1176 483 1229 pileus
504 1177 579 1221 ipse
603 1182 761 1211 noscatur
784 1179 1004 1231 fimbrium:
1036 1177 1160 1212 rectius
1188 1187 1262 1210 cum
1287 1175 1435 1210 Graecia
1455 1173 1646 1210 hodierna
1634 1185 1690 1210 ιιι-

245 1221 484 1266 terpretaberis
508 1233 631 1256 aurum
655 1223 799 1266 ductile,
825 1234 970 1267 aarum,
994 1223 1146 1268 inquam,
1168 1221 1208 1256 ίη
1220 1223 1294 1266 fila
1315 1221 1427 1256 solida
1449 1225 1620 1274 tractum,
1651 1230 1691 1254 or

245 1269 354 1308 imit,
377 1267 424 1311 fil
447 1268 535 1300 d'or.
582 1267 722 1301 solidum
744 1268 832 1310 dixi,
862 1269 926 1302 hoc
956 1273 1008 1303 est
1045 1268 1192 1302 nondum
1214 1267 1309 1301 molis
1340 1272 1469 1310 tusum,
1503 1265 1692 1310 exindeque

245 1313 354 1348 serico
376 1312 434 1345 filo
459 1311 742 1366 superinductum.
787 1311 1030 1358 συρματέϊνον
1052 1313 1168 1358 itaque
1189 1323 1275 1357 opus
1299 1316 1351 1346 est
1363 1323 1445 1346 auro
1456 1312 1491 1345 in
1508 1311 1566 1346 fila
1580 1310 1690 1346 solida

243 1359 345 1392 ducto
369 1357 587 1402 compositum
610 1357 664 1392 vel
688 1357 831 1402 pictum,
865 1358 965 1404 quale
994 1359 1159 1404 despotae
1181 1369 1300 1392 nomen
1322 1357 1357 1391 in
1378 1358 1451 1391 eius
1473 1356 1562 1402 pileo
1584 1356 1694 1401 phry-

246 1403 382 1448 gionica
405 1413 501 1437 manu
522 1402 720 1440 delineatur.

354 1477 440 1517 thid.
494 1476 644 1529 τασεῖα]
681 1478 734 1515 ita
767 1477 857 1528 legit
891 1477 1038 1529 Iunius,
1067 1481 1105 1516 et
1136 1481 1267 1530 apicem
1298 1478 1585 1529 interpretatur,
1616 1488 1691 1525 qno

243 1534 390 1572 nomine
425 1534 599 1584 intelligit
628 1536 831 1585 superiorem
862 1534 992 1572 sciadz'i
1018 1538 1175 1586 partem,
1204 1536 1243 1573 in
1280 1547 1400 1573 conum
1444 1537 1694 1583 assurgentem,

239 1591 499 1642 fastigiatam5
535 1590 758 1639 deducitque
787 1589 952 1628 voculam
976 1594 1132 1639 τασεῖα,
1165 1587 1272 1642 παρά
1298 1587 1344 1630 τὸ
1371 1589 1533 1639 τείνειν,
1568 1602 1594 1627 a
1615 1592 1696 1626 ten-

246 1646 368 1686 dendo.
397 1647 435 1683 in
459 1646 575 1684 altero
589 1647 713 1684 codice
726 1647 901 1684 Bavarico
920 1647 1054 1696 legitur
1076 1646 1284 1685 disiunctim
1298 1661 1345 1686 τα
1369 1649 1473 1696 σεῖα,
1500 1646 1540 1682 in
1561 1648 1695 1683 neutro

245 1714 401 1752 genere3
429 1707 468 1740 et
487 1703 540 1740 ita
556 1702 753 1752 legendum
766 1706 859 1754 puto
893 1701 936 1754 1)
956 1703 1042 1752 quia
1063 1703 1233 1740 subditur
1258 1703 1296 1740 in
1315 1706 1447 1740 neutro
1466 1713 1619 1752 genere,
1645 1697 1694 1740 τὰ

247 1763 334 1798 σεῖα
355 1755 422 1798 οἷα
442 1757 511 1798 καὶ
525 1774 570 1798 τα
590 1756 783 1810 βασιλικά.
810 1762 850 1796 et
873 1758 986 1796 infra:
1016 1757 1040 1799 ό
1061 1755 1139 1811 αἠρ
1166 1757 1234 1798 καὶ
1255 1755 1303 1798 τὰ
1325 1761 1432 1806 oeta,
1462 1754 1528 1798 οἷα
1552 1756 1621 1825 οιαὶ
1646 1752 1695 1796 τοὶ

247 1817 321 1854 τοῦ
336 1810 542 1856 δεσπότου,
571 1815 718 1864 signum
737 1827 826 1864 ergo
843 1818 901 1852 est
915 1818 953 1852 et
967 1815 1005 1852 id
1026 1816 1126 1863 quod
1144 1815 1350 1864 antecedit,
1378 1826 1510 1864 nempe
1527 1810 1575 1852 τοὶ
1597 1817 1694 1860 σεῖα,

246 1871 412 1907 neutrius
436 1871 579 1919 generis
606 1883 697 1907 esse.
740 1870 785 1921 2)
805 1871 891 1919 quia
909 1867 957 1910 τοὶ
987 1874 1072 1909 σεῖοι
1092 1870 1186 1907 Ιιιιιίὶ
1204 1883 1226 1908 a
1248 1870 1363 1910 τείνω
1391 1883 1477 1934 pro
1481 1868 1694 1906 extensione

246 1938 381 1975 genere
399 1927 571 1963 feminino
592 1939 742 1976 prorsus
762 1927 890 1975 ignota
908 1930 946 1963 et
965 1926 1139 1963 inusitata
1156 1929 1224 1963 est.
1254 1925 1344 1975 quid
1362 1925 1412 1962 sit
1429 1936 1553 1971 τασις,
1568 1935 1694 1960 omnes

250 1985 407 2018 norunt:
438 1982 528 2030 quid
553 1985 711 2029 τασεῖα,
741 1994 807 2031 per
824 1981 968 2018 Iunium
988 1994 1095 2019 nemo
1126 1982 1248 2027 novit3
1279 1980 1427 2018 tametsi
1454 1980 1613 2029 ingenue
1639 1979 1695 2016 sa-

250 2042 332 2074 teor
354 2041 412 2073 ine
433 2041 659 2087 compertum
677 2049 752 2074 non
767 2036 900 2073 habere
924 2036 1012 2084 quid
1036 2034 1083 2075 τὰ
1111 2040 1196 2075 σεῖα
1214 2036 1429 2086 significent.
1458 2035 1628 2084 quocirca
1656 2035 1694 2071 in

250 2093 416 2131 versione
436 2093 614 2129 Graecam
635 2092 830 2129 dictionem
848 2091 1000 2140 retinui,
1026 2092 1143 2130 donec
1161 2092 1227 2129 viri
1245 2092 1346 2129 docti
1364 2092 1421 2129 vel
1439 2104 1563 2130 veram
1580 2091 1695 2141 signi-

254 2149 437 2186 ficantiam
452 2152 582 2186 eruant
603 2147 660 2185 vel
675 2148 821 2185 Codino
842 2160 965 2185 veram
981 2147 1174 2185 lectionem
1188 2148 1397 2186 restituant.

343 2229 428 2263 ibid.
471 2228 689 2273 promerebor
709 2228 789 2261 mihi
813 2228 1014 2261 Gretserum
1037 2227 1151 2261 Allatii
1173 2239 1293 2271 corneti,
1316 2232 1351 2263 et
1371 2239 1486 2263 veram
1502 2229 1576 2263 τῶν
1592 2226 1698 2262 σείων

254 2274 513 2328 significantiam
537 2284 661 2308 eruam.
707 2275 786 2307 σεῖα
809 2278 887 2306 sunt
906 2274 997 2316 longi
1021 2273 1116 2306 unius
1138 2274 1211 2307 fere
1234 2274 1334 2318 palmi
1356 2274 1618 2327 margaritarum
1625 2279 1698 2307 tra-

256 2329 349 2364 ctus,
380 2320 469 2354 circa
494 2319 655 2364 despotae
677 2329 775 2352 aures
799 2330 819 2352 e
842 2318 930 2371 pileo
961 2318 1108 2372 penduli.
1153 2319 1201 2353 sic
1223 2320 1296 2354 lora
1318 2331 1338 2354 e
1361 2320 1554 2373 pontificum
1577 2319 1696 2362 mitris,

254 2368 351 2401 funes
374 2365 542 2400 reticulati
566 2377 585 2398 e
609 2363 819 2398 cardinalium
842 2363 958 2409 pileis,
992 2363 1126 2398 inaures
1154 2364 1248 2409 ipsae
1278 2377 1320 2399 ex
1351 2364 1489 2399 auribus
1511 2364 1698 2421 pendentes

253 2424 334 2447 σεια
366 2414 464 2466 sunt,
495 2411 655 2451 mobilia,
687 2410 837 2444 tremula
874 2409 1092 2453 pendulaque
1122 2415 1340 2454 ornamenta,
1377 2407 1454 2444 απὸ
1485 2410 1553 2444 τοῦ
1575 2409 1696 2443 σείειν.

255 2458 371 2491 eadem
393 2456 428 2490 in
452 2455 666 2502 patriarchae
688 2454 775 2501 pileo
798 2454 1050 2498 Turcograecia
1080 2460 1250 2501 nuncupat
1277 2436 1587 2501 καμηλαυκόλαβα
1612 2452 1699 2500 pilea·

253 2504 438 2537 manubria
459 2503 516 2536 vel
538 2512 654 2536 ansas.

365 2573 412 2610 ib.
435 2584 469 2609 v.
489 2575 526 2615 9.
547 2566 696 2623 κόμβος
713 2573 772 2608 est
789 2568 911 2609 nodus.
930 2571 1172 2620 compositum
1191 2566 1414 2623 ἔπικόμβια,
1433 2570 1480 2607 de
1499 2581 1572 2618 quo
1590 2568 1698 2616 infra,

254 2632 342 2665 sunt
356 2631 547 2678 segmenta
561 2628 686 2678 panni,
705 2626 836 2676 quibus
850 2625 983 2663 involvi
1000 2626 1122 2664 solent
1135 2629 1272 2665 nummi
1289 2628 1389 2664 aurei
1407 2624 1571 2676 argentei
1589 2624 1698 2672 aerei,

257 2697 351 2732 quae
379 2685 490 2722 etiam
519 2683 657 2735 κὸμβοι
687 2682 930 2734 appellantur.
967 2682 1051 2719 hinc
1077 2681 1346 2735 κομβολύτης,
1374 2677 1698 2735 βαλαντιοτόμος.

258 2744 457 2791 usurpatur
480 2752 628 2789 quoque
655 2737 807 2790 κόμπος
838 2751 905 2789 pro
942 2734 1106 2790 κόμβος.
1145 2740 1309 2788 quamvis
1334 2736 1486 2791 κόμπος
1516 2736 1699 2773 interdum

256 2797 353 2834 idem
368 2800 424 2834 est
444 2797 543 2846 quod
564 2795 762 2834 commodus.
817 2793 1013 2833 Mauricius
1033 2796 1133 2847 apud
1155 2795 1378 2847 Rigaltium:
1408 2789 1531 2834 καλὸν
1555 2790 1598 2832 δέ
1620 2790 1700 2831 ἐστι
