1832 3178
243 183 308 230 88
666 186 863 230 comm
896 165 1290 230 GUROPALATAE

195 303 226 337 C
387 296 514 341 Μετὰ
531 301 650 343 τοῦτο
667 300 801 342 τοίνυν
819 299 1026 356 ἀνέρχεται
1053 300 1116 342 ἐπὶ
1144 300 1214 343 τὸν
1241 301 1439 358 τρίκλινον
1450 300 1527 345 »τὸν
1547 300 1712 359 λεγόμε-

247 383 317 410 νον
339 366 575 424 Θωμαΐτην,
614 367 717 425 πρὸς
733 368 803 410 τὸν
821 368 1121 424 Αὖγουστεῶνα
1141 369 1385 428 ἀφορῶντα,
1424 365 1525 413 ὅπου
1545 370 1590 414 τὸ
1610 375 1714 427 πλῆ-

247 439 327 486 θος
347 433 455 478 ἅπαν
474 438 638 480 ’ίσταται
653 436 756 491 μετὰ
776 439 851 479 τοῦ
873 435 1096 494 φοσσάτου.

384 505 480 562 Πρὸ
499 509 572 548 τοῦ
594 509 769 562 φανῆναι
791 500 862 548 οὖν
885 505 1008 548 αὐτὸν
1034 504 1102 549 διά
1130 523 1238 557 τινος
1257 510 1338 550 τῶν
1358 510 1644 563 συγκλητικῶν,
1679 501 1714 566 ᾧ

250 571 301 616 ἂν
321 572 499 624 ἐπιτάξω
521 571 542 615 ὃ
564 571 778 627 βασιλεύς,
812 573 1017 632 ῥίπτονται
1048 577 1104 626 εἷς
1132 575 1202 618 τὸν
1231 575 1331 618 λαὸν
1358 574 1386 618 ἃ
1410 576 1593 632 λέγουσιν
1624 577 1747 621 ἐπι-5

251 640 417 695 κόμβια.
485 640 570 685 ἔστι
592 642 636 684 δὲ
654 647 848 686 τοιοῦτον.
915 641 1108 698 τμήματα
1132 645 1176 686 ἐκ
1205 645 1359 687 πανίων
1379 642 1613 696 κόπτοντες,
1646 646 1716 687 καὶ

252 711 295 752 ἐν
312 707 469 767 ἑκάστῳ
491 708 671 766 τμήματι
689 712 920 767 νομίσματα
932 716 1070 769 χρυσᾶ
1089 712 1162 766 μὲν
1180 713 1273 770 τρία
1293 713 1453 770 ἀργυρᾶ
1471 714 1516 756 δὲ
1536 717 1716 756 τοσαῦτα

253 780 318 821 καὶ
338 780 430 835 τριά
451 779 493 830 ἐξ
515 778 673 834 ὀβολῶν
689 778 974 838 περιδήσαντες
983 813 997 833 ,
1026 779 1233 838 ῥίπτουσιν
1254 783 1310 832 εἷς
1335 780 1381 824 τὸ
1411 785 1586 837 πλῆθος.
1655 781 1718 840 ρί-

251 863 397 890 πτουσι
418 847 463 889 δὲ
482 847 690 901 τοιούτους
712 849 967 904 ἀποδέσμους
987 849 1168 905 ἀριθμὸν
1181 847 1382 903 χιλιάδων
1401 849 1498 894 ὅσον
1520 849 1570 893 ἂν
1588 866 1718 908 προσ-

252 913 368 967 τάξοι
392 913 413 958 ὅ
433 915 638 969 βασιλεύς.
706 918 933 972 εἰθισμένον
955 919 1001 960 δέ
1019 920 1102 961 ἔστι
1121 918 1271 976 ῥίπτειν
1289 918 1342 961 τὰ
1360 923 1529 964 τοιαῦτα
1548 917 1717 973 ἓπικόμ-
1729 927 1774 963 10

204 986 237 1021 D
259 988 333 1039 βια
352 985 394 1026 ἐν
412 991 497 1036 τοῖς
514 987 749 1043 προαυλίοις
768 991 841 1029 τοῦ
860 990 934 1042 τῆς
952 984 1129 1042 μεγάλης
1147 987 1358 1042 ἐκκλησίας
1378 991 1502 1040 ναοῦ,
1535 987 1659 1043 ἤγουν
1677 989 1720 1030 ἐν

256 1047 292 1112 ᾧ
312 1053 464 1110 εἴρηται
485 1056 772 1110 Αὐγουστειῦνι
782 1087 795 1107 ,
827 1055 1039 1111 ἱσταμένου
1060 1059 1132 1098 τοῦ
1160 1054 1367 1114 ῥίπτοντος
1389 1054 1522 1099 ἐπάνω
1544 1059 1626 1099 τῶν
1645 1058 1720 1099 τοῦ

256 1121 576 1178 Αὖγουστεῶνος
594 1125 829 1177 βαθμίδων.

393 1191 518 1233 Μετὰ
549 1192 592 1234 δὲ
618 1197 737 1235 τοῦτο
768 1190 788 1234 ὃ
820 1193 907 1242 νέος
935 1191 1128 1245 βασιλεὺς
1149 1192 1213 1234 ἐπὶ
1235 1193 1477 1250 σκουταρίου
1499 1193 1723 1243 καθεσθεὶς

260 1258 466 1314 ἐπαίρεται
495 1262 552 1310 εἷς
572 1258 703 1316 ὕψος,
737 1262 804 1303 καὶ
827 1261 1010 1318 φαίνεται
1036 1265 1136 1303 πᾶσι
1162 1266 1246 1311 τοῖς
1275 1259 1463 1304 κάτωθεν
1496 1261 1721 1315 ἱσταμένοις
1733 1267 1777 1304 15

259 1325 471 1381 πλήθεσιν.
538 1330 750 1383 κατέχουσι
773 1331 816 1372 δὲ
835 1330 886 1371 τὰ
906 1329 980 1382 μὲν
999 1327 1230 1386 ἔμπροσθεν
1247 1334 1320 1384 τῆς
1343 1329 1514 1380 ἀσπίδος
1537 1328 1660 1381 αὗτός
1679 1346 1723 1372 τε

262 1392 283 1436 ὃ
312 1396 506 1448 βασιλεὺς
537 1399 604 1439 καὶ
637 1399 771 1455 πατὴρ
799 1402 871 1441 τοῦ
905 1397 1269 1455 ἀναγορευομένου,
1314 1398 1384 1441 ἐὰν
1417 1400 1495 1452 ζῶν
1521 1393 1570 1456 ᾗ,
1605 1400 1673 1441 καὶ
1700 1395 1722 1440 ὅ

260 1462 536 1522 πατριάρχης,
562 1465 612 1508 τὰ
634 1467 678 1509 δὲ
701 1460 744 1508 ἐκ
763 1467 941 1523 πλαγίων
956 1467 1023 1508 καὶ
1045 1464 1215 1508 ὄπισθεν
1235 1466 1274 1508 οἳ
1294 1467 1336 1508 ἐν
1355 1465 1582 1521 ἀξιώμασιν
1597 1465 1726 1522 ὓπερ-

479 1532 500 1548 71

261 1532 437 1585 ἔχοντες,
471 1550 596 1589 ηγουν
628 1534 819 1577 δεσπόται
847 1536 916 1577 καὶ
949 1533 1340 1592 σεβαστοκράτορες,
1375 1535 1445 1578 ἐὰν
1464 1530 1582 1587 ὦσιν,
1623 1538 1658 1578 εἴ
1681 1535 1725 1577 δὲ

123 1602 149 1636 Ρ
173 1602 240 1638 122
261 1598 320 1655 μή
331 1632 345 1652 ,
381 1602 419 1643 οἳ
435 1604 655 1658 κρείττονες
674 1605 740 1645 καὶ
763 1603 1027 1660 εὐγενέστεροι
1046 1606 1127 1646 τῶν
1147 1602 1364 1660 ἀρχόντων.
1433 1606 1468 1646 εἷ
1488 1603 1528 1646 δ’
1549 1603 1622 1647 οὐκ
1641 1603 1781 1646 {bruzo

261 1668 421 1727 πατήρ,
455 1671 508 1713 τὰ
528 1671 602 1725 μὲν
624 1675 696 1727 τῆς
715 1672 886 1722 ἀσπίδος
905 1671 1137 1729 ἔμπροσθεν
1168 1669 1188 1714 ὅ
1216 1670 1466 1728 ἐντιμότερος
1491 1676 1571 1715 τῶν
1601 1672 1727 1723 ἀξιω-

262 1743 444 1791 ματικῶν
463 1737 490 1794 ἢ
510 1744 591 1782 τῶν
609 1738 815 1798 ἀρχόντων
835 1740 940 1794 μετὰ
958 1744 1030 1783 τοῦ
1051 1737 1318 1798 πατριάρχου,
1340 1741 1392 1784 τὰ
1412 1741 1461 1784 δέ
1477 1757 1521 1797 γε
1543 1740 1727 1793 ὄπισθεν,

264 1804 334 1856 οὓς
349 1806 524 1862 εἴπομεν.

1381 1879 1399 1905 x

354 1934 441 1969 Post
462 1934 550 1969 haec
572 1935 731 1970 ascendit
752 1936 943 1982 imperator
965 1938 1011 1972 ad
1039 1936 1228 1972 triclinium
1261 1937 1356 1982 quod
1386 1940 1533 1971 vocatur
1556 1935 1727 1971 Thomai—

262 1985 338 2024 tes,
375 1981 421 2014 ad
450 1982 708 2025 Augusteonem
734 1983 948 2028 respiciens3
986 1983 1047 2018 ubi
1081 1983 1247 2018 universa
1282 1982 1463 2017 multitudo
1500 1982 1612 2029 plebis
1649 1995 1725 2018 cum

264 2026 419 2062 exercitu
443 2031 528 2061 stat.

353 2072 550 2116 Antequam
574 2084 656 2117 ergo
680 2073 871 2119 imperator
893 2086 932 2108 se
954 2073 1235 2118 conspiciendum
1260 2075 1447 2118 praebeat,
1508 2086 1547 2109 er
1576 2075 1727 2120 aliquem

265 2118 466 2161 de-senatu,
503 2118 558 2151 cui
579 2119 615 2152 id
638 2119 829 2164 imperator
851 2120 1093 2165 praeceperit,
1127 2120 1304 2154 iaciuntur
1328 2119 1365 2154 in
1386 2132 1478 2166 popu
1494 2132 1548 2155 um
1571 2133 1614 2155 ea
1637 2133 1728 2166 quae

266 2163 485 2198 nominantur
508 2164 714 2209 epicombia.
761 2177 852 2210 quae
881 2165 965 2200 talia
995 2171 1089 2200 sunt,
1136 2166 1287 2200 frustilla
1321 2178 1365 2200 ex
1395 2167 1519 2211 pannis
1553 2173 1727 2212 resecant,

268 2214 304 2244 et
326 2209 362 2243 in
386 2209 542 2253 quolibet
564 2215 739 2254 segmento
764 2211 834 2245 tria
856 2223 973 2255 aurea,
1002 2217 1169 2255 argentea
1192 2212 1335 2246 totidem
1357 2213 1573 2256 numismata,
1598 2219 1634 2248 et
1659 2214 1729 2248 tria

267 2266 312 2289 ex
334 2255 445 2289 obolis
469 2255 643 2300 illigantes
667 2257 854 2301 proiiciunt
880 2257 916 2290 in
950 2258 1212 2297 multitudinem.
1263 2258 1452 2303 proiiciunt
1473 2265 1587 2293 autem
1610 2259 1728 2294 talium

267 2300 510 2349 fasciculorum
533 2306 588 2336 tot
610 2301 722 2346 milia,
757 2309 842 2347 quot
863 2304 1054 2347 imperator
1082 2305 1314 2350 praeceperit.
1362 2305 1611 2340 consuetudine
1630 2317 1731 2340 rece-

267 2353 364 2393 ptum
399 2352 452 2381 est
485 2351 523 2381 ut
557 2347 752 2382 huiusmodi
779 2349 971 2394 epicombia
995 2349 1167 2384 iaciantur
1190 2351 1227 2384 in
1251 2350 1349 2384 atriis
1377 2362 1523 2394 magnae
1547 2351 1730 2395 ecclesiae,

268 2405 392 2437 nempe
415 2393 452 2427 in
473 2394 654 2439 praedicto
678 2393 918 2440 Augusteone,
955 2401 1072 2430 stante
1101 2408 1143 2430 eo
1176 2396 1237 2441 qui
1268 2396 1412 2442 proiicit
1433 2397 1471 2431 in
1493 2397 1730 2443 Augusteonis

294 2439 447 2473 radibus.

267 2451 291 2484 g
359 2484 446 2519 Post
461 2485 548 2519 haec
571 2496 681 2520 novus
702 2485 892 2531 imperator
914 2486 950 2521 in
974 2491 1072 2521 scuto
1096 2487 1262 2523 sessitans
1284 2488 1418 2523 tollitur
1433 2487 1470 2522 in
1486 2489 1602 2534 altum,
1627 2493 1663 2524 et
1685 2490 1729 2524 ab

270 2529 435 2564 universa
466 2531 685 2566 multitudine
705 2532 799 2567 infra
822 2537 935 2567 stante
958 2533 1185 2578 conspicitur.
1232 2539 1354 2569 tenent
1376 2546 1461 2569 vero
1485 2536 1622 2580 priores
1645 2546 1731 2581 par-

269 2581 324 2610 tes
350 2576 455 2621 clipei
481 2578 671 2622 imperator
693 2590 889 2623 parensque
912 2579 1114 2624 renuntiati,
1145 2580 1176 2614 si
1198 2581 1311 2615 adhuc
1334 2580 1381 2615 sit
1401 2580 1439 2614 in
1461 2581 1575 2625 vivis,
1606 2586 1642 2615 et
1665 2593 1731 2626 pa-

270 2621 437 2656 triarcha.
485 2629 604 2667 partes
630 2636 651 2658 a
675 2624 785 2659 latere
807 2630 843 2659 et
865 2630 959 2658 retro
983 2630 1104 2660 tenent
1127 2626 1187 2671 qui
1211 2626 1380 2671 dignitate
1401 2627 1591 2672 praecipua
1614 2626 1731 2661 excel-

269 2667 356 2712 lunt,
382 2669 547 2704 videlicet
568 2671 735 2715 despotae
758 2675 794 2705 et
810 2672 1119 2715 sebastocratores‚
1143 2672 1173 2705 si
1196 2672 1339 2706 suerint.
1384 2672 1438 2706 sin
1461 2672 1586 2716 minus,
1609 2683 1732 2707 munus

270 2712 338 2747 hoo
361 2715 491 2749 obeunt
514 2715 788 2760 praestantiores
811 2722 846 2750 et
868 2716 1058 2751 nobiliores
1084 2729 1126 2751 ex
1149 2719 1365 2762 proceribus,
1424 2717 1455 2751 si
1477 2729 1546 2752 non
1569 2723 1731 2764 superest

270 2759 353 2793 novi
374 2760 594 2805 imperatoris
620 2767 733 2808 pater,
758 2763 951 2798 anteriores
972 2768 1093 2808 partes
1116 2763 1220 2808 clipei
1243 2769 1341 2799 tenet
1358 2763 1582 2799 excellentior
1599 2776 1643 2798 ex
1660 2763 1731 2797 illis

269 2804 330 2849 qui
355 2805 391 2840 in
413 2807 585 2851 dignitate
607 2814 699 2852 sunt,
734 2814 793 2844 aut
815 2809 941 2853 aliquis
964 2821 1008 2843 ex
1029 2811 1233 2854 proceribus
1257 2821 1331 2844 cum
1354 2809 1565 2858 patriarcha.
1611 2814 1730 2857 partes

269 2853 485 2898 posteriores
508 2859 629 2888 tenent
652 2866 740 2899 quos
763 2855 830 2891 iam
855 2860 959 2890 antea
981 2855 1333 2891 commemoravimus.
