1864 3164
525 135 585 180 IN
609 136 806 181 CODlNI
832 137 942 182 cAP.
974 136 1052 182 lv.
1420 139 1516 182 237

73 245 199 285 scribit
214 243 323 284 Anna
341 245 533 284 Comnena
553 245 576 284 l.
600 246 629 287 3
658 245 822 284 Alexiad.
858 246 1013 285 Crusius
1040 246 1345 299 interpretaretur
1366 245 1516 284 hundert

72 302 218 353 gildine
233 301 333 340 stfick
361 301 456 340 tuch.
485 314 614 353 posses
634 302 746 340 etiam
771 303 1003 354 interpretari
1022 306 1156 341 centum
1178 315 1372 355 purpureas
1395 306 1518 342 vestes.

74 358 174 409 apud
191 357 378 396 Codinum
394 362 562 396 nostrum
587 371 618 397 c.
637 359 664 398 4
681 358 797 396 habes
820 356 1044 411 καββάδιον
1066 355 1270 411 βλᾶτινον.
1290 370 1518 410 purpureum
1541 365 1544 368 ”

73 414 131 452 hic
147 413 236 452 sine
260 412 335 451 ullo
361 414 591 452 incommodo
615 413 770 452 reddere
801 419 919 465 potes.
952 415 1082 453 eodem
1103 428 1134 453 c.
1162 415 1318 453 occurrit
1341 413 1517 467 βλᾰτιον,

72 470 134 507 ubi
152 469 285 508 dieitur
303 470 550 521 protosebasti
580 470 698 522 pileus
723 483 805 508 esse
828 471 928 508 aurei
949 475 988 509 et
1012 471 1148 523 prasini
1170 470 1321 520 coloris,
1348 468 1453 522 πλὴν
1471 469 1516 511 τὸ

72 522 227 578 σῦρμα,
247 520 297 565 οὗ
313 522 362 566 τὸ
378 522 550 578 βλᾶτιον.
590 526 738 577 Iunius,
765 531 986 565 veruntamen
1001 532 1170 579 syrmate,
1188 540 1256 566 non
1268 531 1383 565 autem
1403 531 1518 575 textu,

72 582 159 630 quia
183 581 290 619 Iunio
316 580 478 633 βλάτιον
505 582 592 620 nihil
611 582 710 620 aliud
730 587 808 633 est,
838 594 950 631 quam
972 597 1056 634 opus
1069 583 1198 622 textile.
1246 582 1415 632 quocirca
1437 583 1518 620 ubi-

70 650 143 686 que
179 637 242 675 ubi
273 638 410 676 mentio
442 639 490 676 de
524 639 658 688 blasto,
687 639 736 676 ad
770 643 912 677 textum
943 643 980 678 et
1010 640 1204 678 textrinam
1233 640 1411 690 confugit.
1449 640 1518 678 sed

70 693 266 744 legendum
293 693 317 731 l.
346 706 376 732 c.
413 691 519 746 πλήν
544 693 590 735 ‘ro'
630 690 778 746 σύρμα,
814 697 931 735 τοῦτο
961 691 1143 746 βλοὶτιον,
1172 699 1310 746 οπφίο
1343 701 1518 747 syrmate.-

70 749 134 787 hoc
160 751 249 788 em'm
271 762 482 800 purpureum
516 754 577 789 est.
618 762 705 788 nam
737 750 869 802 prioris
899 752 1103 803 scripturae
1136 751 1258 789 nullus
1286 754 1346 789 est
1374 763 1517 790 sensus.

70 806 200 843 eodem
227 818 258 843 c.
294 805 409 843 habes
438 803 578 846 λευκόν
609 804 784 858 βλάτιον.
816 807 933 845 albam
970 808 1074 845 telam
1101 808 1224 846 reddit
1250 806 1388 845 Iunius.
1418 807 1517 845 malo

70 861 188 899 album
202 874 368 911 parmam,
396 865 439 899 ut
457 862 588 900 blation
604 862 807 913 generatim
829 863 878 900 sit
889 877 1041 915 pannus,
1056 864 1124 901 sed
1147 864 1218 901 hoc
1233 862 1314 902 loco
1331 863 1516 902 candidus.

47 929 155 954 ·mox
180 916 222 957 ἐκ
245 918 325 956 τῶν
350 914 540 970 συνήθως
575 917 887 970 πολιτευομένων
924 921 1117 972 βλατίων,
1144 920 1207 957 ubi
1235 914 1376 970 βλᾶτια
1403 932 1519 969 gene-

69 972 177 1011 ratim
205 974 440 1012 vestimentum
464 978 605 1012 vertere
627 978 745 1024 potes.
783 987 914 1012 sensus
944 976 1040 1013 enim
1060 979 1136 1013 est:
1164 975 1384 1013 cabbadium
1408 976 1516 1013 huius

17 1076 19 1079 v
68 1028 280 1078 logothetae
306 1041 388 1066 esse
410 1041 523 1067 unum
551 1043 596 1068 ex
629 1031 672 1067 iis
699 1032 850 1068 vestibus
879 1043 975 1080 quae
1006 1035 1183 1070 consueto
1207 1043 1309 1069 more
1335 1033 1516 1070 seruntur.

67 1097 193 1121 rursus
212 1097 242 1122 c.
264 1087 316 1125 17
339 1085 492 1135 en‘gitur
521 1086 745 1136 anabathra,
771 1099 928 1135 eamque
956 1092 1090 1137 tegunt
1115 1091 1154 1125 et
1179 1090 1314 1125 ornant
1336 1085 1403 1127 διοὶ
1421 1087 1517 1139 βλα-

68 1141 164 1179 τίων
197 1139 381 1192 ἒρυθρῶν
409 1143 524 1179 rubris
548 1145 680 1193 pannis
688 1157 702 1188 ,·
739 1142 800 1180 ubi
827 1144 958 1181 iterum
983 1142 1147 1195 βλάτιον
1172 1156 1242 1194 pro
1267 1156 1384 1194 panno
1407 1156 1516 1180 usur-

66 1200 197 1246 patum
221 1196 334 1234 vides.
389 1196 515 1235 Iunius
534 1199 643 1235 vertit
663 1199 819 1237 bracteas
837 1201 983 1238 rubras.-
1006 1201 1073 1238 sed
1087 1199 1176 1237 velis
1196 1203 1235 1237 et
1250 1199 1515 1250 peripetasma-

67 1252 116 1289 tis
134 1251 359 1290 anabathrae
387 1253 490 1290 indui
507 1255 705 1303 vestirique
734 1255 855 1293 solent
863 1273 882 1305 ‚¹
909 1269 983 1294 non
1005 1255 1162 1294 bracteis
1180 1259 1220 1293 et
1246 1255 1400 1293 laminis.
1428 1255 1517 1293 alibi

67 1320 104 1358 p.
133 1308 214 1348 102
238 1309 291 1349 17
319 1308 358 1346 in
381 1309 534 1348 triclinio
553 1311 782 1360 imperatoris
807 1312 970 1351 vestiunt
1000 1312 1241 1350 anabathram
1260 1312 1406 1364 βλατίῳ
1424 1327 1516 1351 κοκ-

66 1363 180 1416 κίνῳ.
222 1363 367 1414 lunius,
404 1365 508 1404 linteo
530 1370 686 1405 coccino.-
724 1368 792 1404 sed
817 1368 945 1405 melius
964 1382 1082 1420 panno
1109 1371 1276 1405 coccineo.
1302 1379 1333 1404 c.
1363 1370 1390 1408 6
1410 1371 1515 1404 tenet

66 1419 265 1470 imperator
294 1432 405 1457 manu
435 1422 584 1459 sinistra
609 1418 771 1472 βλᾶτιον
800 1419 941 1462 κατ’δικι
976 1419 1126 1471 ἕοικόςτ
1166 1422 1228 1460 ubi
1257 1419 1418 1474 βλᾶτιον
1455 1427 1515 1460 est

67 1475 225 1512 volumen
249 1474 326 1512 sive
347 1477 566 1515 involucrmn
590 1477 793 1526 obligatum
822 1478 972 1516 mantili.
1000 1479 1038 1516 id
1060 1479 1113 1515 ita
1132 1491 1235 1527 esse,
1262 1477 1376 1515 oculis
1399 1478 1515 1529 inspi-

68 1541 150 1567 cere
180 1533 287 1580 potes
317 1531 355 1567 in
380 1532 496 1569 tribus
522 1532 741 1583 imaginibus
762 1534 1022 1584 imperatorum
1049 1534 1153 1571 initio
1174 1533 1386 1583 Gregorae,
1415 1538 1454 1571 et
1476 1535 1514 1571 in

67 1597 216 1623 nummo
234 1584 455 1637 Theodosii,
488 1600 596 1637 quem
614 1593 701 1628 tom.
722 1589 750 1628 3
771 1590 820 1626 de
843 1590 882 1627 S.
908 1590 1028 1627 Cruce
1049 1591 1072 1630 1
1093 1589 1143 1631 14
1162 1589 1403 1640 vulgavimus.
1432 1603 1462 1627 c.
1486 1590 1516 1633 4

68 1641 182 1679 habes
201 1637 382 1682 σκιάδιον
400 1639 562 1694 βλοὶτιον
585 1642 779 1697 διβολέον.

177 1717 237 1756 De
255 1718 367 1758 blatio
380 1719 433 1758 ita
459 1719 602 1758 Iunius:
632 1716 814 1773 βλᾶτιον,
831 1734 895 1772 per
915 1734 1082 1773 syncopen
1096 1735 1161 1773 pro
1179 1720 1385 1774 βολᾶτιον,
1406 1721 1516 1774 nand

66 1771 109 1815 τὰ
139 1772 324 1827 βάλλειν,
353 1779 404 1813 est
427 1776 499 1814 tela
522 1789 582 1815 seu
605 1777 738 1815 textilis
755 1780 902 1816 materia
925 1782 1067 1829 quaevis
1095 1783 1128 1816 et
1149 1792 1233 1829 opus
1262 1782 1416 1828 textum,
1446 1782 1518 1818 n‘ve

64 1830 244 1879 unicolor,
273 1833 346 1869 n‘ve
370 1831 547 1883 διβολέος
563 1833 654 1871 bilix
675 1837 708 1871 et
729 1835 876 1882 bicolor,
905 1837 975 1871 sive
998 1833 1202 1887 τριβολέον
1227 1835 1330 1873 ΐπἹιὶτ
1351 1839 1384 1874 et
1407 1839 1515 1874 trico-
1536 1841 1566 1875 P
1590 1843 1658 1877 200

66 1889 140 1934 lor,
165 1888 239 1924 sive
263 1882 481 1937 πολύμιτον
510 1889 697 1926 moltitiem
721 1894 825 1940 atque
854 1890 1060 1930 multicolor.
1091 1895 1197 1941 atque
1224 1891 1304 1929 hinc
1332 1887 1516 1943 βλάτινος

65 1943 211 1983 textilis.
246 1942 337 1980 haec
364 1943 431 1981 ille.
460 1946 526 1981 scd
563 1946 661 1981 unde
689 1946 800 1983 habet
826 1946 896 1983 iste
923 1959 1030 1983 suum
1066 1946 1250 1997 βολάτιον
1274 1960 1296 1984 a
1324 1944 1513 1999 βοῖλλεινῗ

65 2010 108 2035 ex
128 2010 202 2047 quo
231 1999 435 2048 scriptore?
473 2012 517 2037 ex
541 2013 614 2048 quo
638 2001 779 2039 lexico?
812 2014 856 2039 ex
884 2015 958 2051 quo
985 2002 1194 2052 glossario?
1230 2003 1346 2040 multo
1378 2005 1514 2053 proba-

66 2054 172 2090 bilius
192 2055 321 2091 dicitur
338 2055 500 2092 Graecos
527 2055 700 2094 Latinam
722 2070 846 2095 vocem
866 2058 1029 2095 blatteum
1049 2059 1085 2095 in
1111 2072 1216 2096 suam
1235 2059 1419 2097 civitatem
1442 2062 1511 2098 ad·-

64 2109 230 2155 scivisse3
259 2109 314 2147 vel
336 2107 498 2161 βλᾶτιον
515 2124 537 2148 a
554 2111 680 2152 πλατύ
698 2115 896 2163 formasse,
928 2118 970 2152 ut
988 2115 1169 2165 significet
1201 2116 1374 2164 quicquid
1395 2116 1511 2155 latum

65 2169 104 2202 et
121 2177 320 2215 expansuun
345 2170 412 2203 est.
436 2166 520 2203 hinc
538 2168 696 2207 blattium
723 2170 821 2219 auri,
849 2171 1017 2220 argenti,
1045 2171 1150 2222 ferri,
1182 2171 1340 2210 chartae.
1365 2184 1431 2209 nec
1449 2177 1510 2210 sat

64 2220 140 2258 scio
160 2233 207 2258 an
234 2233 307 2257 non
337 2221 408 2259 huc
435 2222 559 2260 itidem
593 2224 704 2262 saciat
731 2225 988 2265 Germanicum
1012 2226 1122 2277 blatt,
1157 2239 1231 2276 quo
1263 2227 1509 2277 significamus

65 2277 176 2314 latum
192 2281 230 2314 et
248 2281 434 2317 extensum.

158 2348 328 2397 βλάτινον
350 2352 588 2395 bombycinum.
625 2352 773 2398 βλατίον
803 2359 914 2390 autem
945 2367 1074 2402 pannus
1097 2356 1246 2398 sericus,
1280 2358 1385 2390 vestis
1417 2358 1509 2391 bom-

67 2396 187 2440 bycina
219 2402 294 2439 est,
325 2397 524 2441 quandoque
556 2398 652 2442 plana
681 2410 842 2445 rasaque,
874 2413 1105 2446 nonnunquam
1138 2401 1242 2435 variis
1274 2402 1392 2446 figuris
1425 2403 1510 2436 deli-

67 2446 186 2483 neata,
235 2453 464 2487 nonnunquam
507 2453 590 2475 auro
635 2443 828 2480 intertexta.
884 2447 936 2481 his
973 2447 1055 2481 locis
1095 2458 1177 2481 auro
1210 2458 1275 2480 nou
1307 2447 1507 2492 intelligitur

68 2486 266 2530 coniugata,
298 2486 487 2522 Choniatae
509 2488 542 2521 in
567 2488 680 2523 Alexio
704 2490 871 2525 Comneno
894 2492 916 2525 l.
942 2494 966 2528 3
989 2489 1079 2526 ἄνευ
1108 2492 1180 2525 τῶν
1215 2491 1391 2536 filatim:
1433 2503 1508 2527 num

69 2531 135 2565 alin
158 2531 255 2565 lectio
279 2532 473 2577 simpliciter
497 2533 598 2567 habet
619 2531 714 2578 πλὴν
736 2537 808 2570 τῶν
828 2538 986 2581 σηρικῶν
1015 2534 1187 2581 νημάτων
1213 2542 1354 2581 praeter
1384 2539 1510 2572 serica·

68 2581 242 2618 texturae,
272 2578 303 2610 id
328 2584 382 2611 est
405 2578 610 2622 bombycino:
634 2591 789 2624 pannon
820 2582 964 2616 cedreni
987 2582 1020 2615 in
1054 2581 1193 2615 Tiberio
1225 2582 1349 2616 ιρι-εἰσι
1383 2580 1514 2623 στολὰς

67 2619 277 2665 σωληνατᾶς
300 2619 374 2656 α’πὸ
399 2623 570 2668 βλαττίου
594 2626 630 2668 (τ
652 2626 815 2669 geminat)
846 2623 975 2670 ὀξέως,
1007 2631 1112 2660 uestes
1149 2627 1399 2662 canaliculato·
1430 2630 1507 2663 υἱο-

69 2667 162 2700 laceo
184 2669 289 2702 terico
313 2671 506 2711 consectas,-
539 2669 656 2703 Codini
691 2671 790 2715 paulo
813 2671 955 2706 inferius
981 2668 1025 2705 τᾱ
1050 2668 1224 2715 συνήθως
1245 2670 1507 2718 πολιτευόμεναι

69 2711 197 2755 platta
220 2712 411 2747 scribentis:
435 2714 523 2747 inter
545 2719 721 2749 consueto·
742 2721 851 2751 autem
875 2717 1033 2751 multitioe
1056 2717 1110 2750 vel
1132 2722 1245 2750 textos
1269 2729 1395 2763 pannos
1410 2730 1508 2752 rasos

69 2755 180 2801 plures
201 2767 223 2792 a
244 2757 358 2803 figuris
381 2759 459 2794 nudi
481 2759 737 2806 conspiciuntur.
782 2762 834 2797 his
855 2767 965 2798 tamen
988 2762 1061 2796 aliie
1083 2773 1105 2797 ι
1126 2761 1250 2798 Niceta
1272 2763 1405 2811 scripu.
1421 2776 1505 2800 auro
