1820 3178
281 148 376 196 184
477 149 755 194 GRETSERI
780 149 852 192 ET
876 147 1051 193 GOARI
1076 147 1515 195 COMMENTARIUS

282 258 481 310 sophorum:
503 263 544 298 at
562 260 599 297 in
614 259 730 301 altero
744 259 797 298 29
813 259 1012 297 stationem
1030 257 1183 297 obtinet.
1209 259 1262 300 86
1275 257 1397 297 locum
1410 260 1541 296 tenent
1558 257 1732 310 ῥαβδοῦ-

142 322 167 354 P
195 323 261 357 190
283 331 356 367 χοι.
379 316 561 366 interpres
580 317 689 353 vertit
721 316 877 359 lictores,·
904 319 1032 353 noster
1054 315 1166 352 index
1195 313 1418 353 rhabduchis
1445 318 1557 353 caret.
1582 318 1671 352 sunt
1693 318 1744 363 et,

284 372 375 410 aliae
406 372 656 422 diversitates,
684 383 777 420 quas
815 371 931 410 lector
959 374 1089 409 mutua
1117 370 1309 422 utriusque
1342 369 1503 422 catulogi
1538 371 1734 410 collatione

285 428 546 480 deprehendet.

397 498 433 535 p.
456 485 480 523 9
500 497 533 523 v.
557 485 620 525 11.
663 481 844 521 Pincerna
875 483 1078 534 pocillator.
1116 481 1429 531 scribitur.‚„etiam
1460 478 1660 533 πικέρνης.
1695 481 1735 519 ἰη

286 539 406 578 indice
423 540 517 577 Iuris
532 538 851 576 Graeco-Romani
875 543 1076 577 annotatur
1092 543 1131 577 et
1147 538 1375 589 approbatur
1393 537 1501 576 lectio
1515 538 1588 575 ista
1606 537 1632 578 ό
1654 536 1737 578 ἔπι-

287 596 440 645 κέρνης.
466 597 534 634 sed
557 600 726 633 tueamur
739 595 945 646 vulgatam:
975 595 1110 646 alioqui
1131 594 1244 647 paulo
1265 598 1353 647 post
1371 597 1544 646 exsurget
1565 594 1628 644 qui
1646 594 1738 631 divi-

287 653 356 689 sim
383 652 484 702 legat
503 650 526 692 ὅ
544 651 606 692 ἐπεὶ
627 651 780 705 κέρνης.

378 727 464 762 ibid.
508 728 673 772 pincerna
712 726 838 761 Latinis
869 726 969 762 dictio
1009 727 1164 772 cognita,
1205 736 1250 760 ex
1291 735 1380 770 qua,
1427 727 1467 758 ut
1507 726 1625 759 rentur
1663 723 1737 770 qui-

289 772 384 816 dem,
412 773 693 807 Graecobarbara
718 769 928 817 πιγκέρνηςε
964 775 1001 807 at
1022 773 1052 808 si
1073 772 1150 807 mihi
1174 771 1274 805 fidem
1296 781 1363 804 non
1386 769 1518 805 omnino
1541 769 1739 815 dempseris,

288 818 367 862 ipsa
404 815 577 862 πικέρνης
608 829 766 861 germane
798 818 933 851 Graeca
956 822 1030 862 est,
1064 817 1160 864 quasi
1186 812 1247 851 ἐπὶ
1269 813 1420 860 κέρνης,
1453 816 1581 860 poculis
1603 818 1740 860 praese-

291 869 377 897 ctus.
423 863 490 897 scis
523 864 660 898 verbum
685 861 881 906 κεράννυμι
902 863 972 897 vini
995 862 1203 908 temperandi
1223 861 1279 896 vel
1305 861 1465 895 miscendi
1486 861 1740 906 significantiam

291 908 472 952 adeptum,
502 909 595 942 cuius
631 909 705 943 vice
739 909 853 951 κερνῶ
885 910 1014 954 profert
1046 909 1191 953 vulgus;
1227 908 1270 941 ab
1301 918 1341 940 eo
1374 902 1485 951 κέρνη
1507 907 1683 951 pocillata’o
1707 910 1740 940 et

287 954 476 999 praebendi
504 955 621 988 calicis
647 955 894 999 ministerium,
927 965 968 988 ac
999 951 1019 989 ὁ
1049 950 1110 988 ἐπὶ
1130 951 1260 996 πιέρνης
1279 952 1498 996 pocillatiom'
1520 953 1592 986 sive
1610 952 1742 997 poculis

291 1001 526 1044 praepositus:
561 1000 682 1034 exinde
705 999 834 1034 duabus
856 999 890 1033 in
913 1011 1011 1033 unam
1034 998 1219 1032 contractis
1241 996 1444 1031 dictionibus
1467 997 1509 1030 fit
1530 1009 1593 1042 per
1615 998 1742 1042 aphae-

292 1045 394 1078 resim
416 1042 611 1089 πικὲρνης,
635 1057 676 1078 ex
700 1045 867 1079 affinitate
890 1045 933 1078 ad
959 1044 1114 1078 Latinum
1139 1044 1327 1088 pincernam
1352 1041 1453 1076 etiam
1472 1039 1665 1087 πιγκέρνης
1677 1053 1742 1076 vo-

295 1094 411 1132 catus,
436 1090 492 1135 qui
517 1090 672 1124 Cedreno
693 1091 726 1124 in
754 1089 944 1134 Theophilo
970 1087 1170 1134 οἰνοχοῶν,
1206 1087 1353 1122 Nicetae
1378 1087 1400 1122 l.
1428 1089 1447 1122 1
1471 1087 1582 1122 Alexii
1603 1089 1740 1122 κυλικι-

294 1132 433 1177 φόρος,
464 1135 487 1170 Ι.
513 1138 531 1170 1
555 1135 738 1169 Andronici
759 1132 778 1169 ὁ
804 1131 864 1170 ἐπὶ
886 1133 1110 1191 κεράσματος
1131 1135 1266 1178 (vinam
1281 1132 1391 1176 κρασί
1411 1132 1485 1167 sive
1506 1132 1659 1176 κρασίον
1682 1133 1742 1167 ho·

294 1180 350 1213 die
381 1180 530 1224 dicunt),
569 1186 604 1214 et
633 1180 781 1214 Mauassi
814 1180 957 1224 denique
987 1192 1007 1214 ο
1044 1175 1104 1214 ἐπὶ
1137 1177 1268 1223 κέρνης
1301 1178 1458 1224 scriptus.
1505 1178 1554 1212 ita
1585 1190 1637 1212 me
1659 1177 1741 1212 deus

294 1229 405 1266 amet,
438 1230 535 1259 vates
565 1225 629 1259 fuit
661 1227 863 1260 Gretserusz
897 1226 946 1259 his
979 1226 1064 1260 enim
1088 1225 1217 1259 madida
1239 1224 1350 1258 adhuc
1373 1224 1489 1257 charta
1512 1223 1569 1257 vix
1594 1223 1741 1258 exaratis

295 1271 549 1350 οἱιιέτεὶοιεξίὺυε
566 1271 610 1336 ‘i‘n
639 1282 680 1305 eo
713 1273 853 1317 primum
877 1271 945 1316 legi
969 1272 1098 1316 “paulo
1118 1276 1196 1317 post
1219 1274 1379 1316 exsurget
1401 1269 1460 1315 qm·
1482 1269 1620 1304 divisim
1643 1270 1742 1314 legat

296 1327 317 1349 ο
361 1327 387 1349 π
425 1327 563 1360 κερνης.

407 1385 454 1423 ib.
474 1399 506 1423 v.
530 1387 591 1425 12.
640 1384 880 1437 Curopalata]
911 1398 1065 1436 nomen,
1093 1389 1136 1423 ut
1159 1385 1327 1435 videtur,
1351 1396 1377 1423 a
1394 1396 1482 1422 cura
1503 1383 1642 1435 palatii
1666 1384 1743 1422 for-

295 1445 445 1480 matum.
500 1441 681 1491 Evagrius
702 1442 726 1482 5
755 1446 794 1481 1:
825 1440 897 1492 τὴν
917 1439 1102 1492 φυλακήν
1130 1444 1201 1491 τῆς
1231 1437 1356 1492 αὐλῆς
1378 1438 1743 1491 ἐμπεπιστευμὲνος,

295 1493 346 1535 ὃν
366 1495 667 1548 κουροπαλάτην
681 1496 710 1549 ἦ
724 1496 920 1546 Ῥωμαίων
939 1497 1040 1548 λέγει
1059 1494 1191 1548 φωνή.
1220 1509 1331 1546 quem
1344 1495 1536 1546 descripsit
1556 1496 1744 1546 Corippus

295 1552 392 1591 laud.
412 1552 502 1590 Iust.
541 1556 553 1593 1
596 1553 675 1594 185
703 1557 742 1590 et
772 1552 832 1590 lib.
867 1557 894 1595 2
914 1555 1007 1595 282.
1061 1552 1186 1591 Latini
1220 1564 1355 1590 nomen
1383 1551 1618 1602 curopalatae
1646 1552 1746 1590 varie

295 1610 521 1659 depravant:
550 1609 634 1646 hinc
648 1609 748 1659 apud
763 1607 1036 1659 Luitprandum
1055 1610 1093 1646 in
1107 1609 1293 1659 legatione
1314 1611 1374 1646 est
1390 1606 1519 1646 Leonis
1537 1608 1746 1658 coropalati,

295 1669 334 1702 et
362 1666 462 1715 apud
494 1663 657 1702 Leonem
687 1665 897 1703 Ostiensem
930 1666 1108 1716 coroplasi.
1147 1659 1488 1715 κουροπαλᾶτισσα
1522 1676 1614 1701 uxor
1640 1677 1747 1705 curo-

297 1720 465 1771 palatae,
494 1724 532 1758 et
565 1722 917 1770 κουροπαλατίκιον
940 1735 1072 1759 munus
1105 1733 1171 1758 seu
1199 1720 1361 1770 dignitas
1387 1718 1641 1770 curopalatae3
1671 1732 1747 1769 qua

296 1777 590 1826 insigniebantur
607 1777 715 1814 etiam
741 1777 934 1827 absentes,
956 1782 994 1815 et
1016 1778 1147 1826 quibus
1167 1776 1295 1826 Cpolis
1328 1788 1395 1813 nec
1413 1775 1492 1813 visa
1515 1787 1583 1813 nec
1602 1776 1747 1813 fortean

296 1833 468 1870 videnda.
505 1833 670 1882 exempla
695 1833 855 1871 invenies
884 1834 923 1871 in
951 1834 1072 1872 libello
1100 1832 1338 1871 Constantini
1365 1830 1675 1883 Porphyrogeniti
1699 1833 1749 1869 de

298 1889 590 1926 administrando
610 1889 778 1938 Imperio.

411 1943 470 1980 De
490 1944 716 1994 Curopalata
735 1945 874 1994 passim
893 1946 1059 1981 Codinus
1086 1945 1124 1981 in
1155 1956 1224 1980 suo
1249 1941 1392 1988 libello;
1424 1953 1534 1990 quem
1563 1940 1648 1978 olim
1667 1941 1750 1981 offi-

299 1999 395 2036 cium
412 1999 583 2036 habuisse
603 2000 677 2048 ait,
705 2001 772 2036 sed
789 2001 978 2048 ignotum,
1001 2012 1092 2035 nunc
1117 2011 1212 2042 vero,
1236 1997 1306 2034 hoc
1331 2000 1390 2034 est
1411 2000 1577 2045 tempore
1601 1997 1750 2049 codini,

299 2049 442 2092 riuuum.
499 2053 724 2091 Alemannus
740 2055 787 2091 ad
803 2068 837 2104 p.
855 2055 909 2093 28
925 2054 1094 2103 Procopii
1114 2053 1297 2102 duplicem
1320 2052 1586 2101 Curopalatam
1603 2055 1748 2104 statuit,

298 2109 453 2147 alterum
469 2110 532 2158 qui
555 2110 624 2146 sub
638 2123 678 2147 se
692 2109 853 2146 habebat
867 2110 1118 2160 praetorianos
1138 2109 1269 2145 milites
1281 2136 1292 2156 ,
1321 2120 1478 2156 quorum
1495 2108 1617 2158 plures
1651 2111 1750 2147 ordi-

301 2179 391 2214 nes,
420 2166 614 2210 domestici,
648 2169 868 2215 protectores,
900 2166 1108 2212 silentiam,
1132 2165 1178 2201 de
1211 2165 1344 2213 quibus
1366 2164 1567 2214 Procopius
1590 2178 1626 2215 p.
1660 2165 1748 2206 108.

302 2235 348 2259 ex
366 2222 422 2258 his
437 2221 497 2258 alii
514 2222 550 2258 in
577 2221 669 2257 atrio
695 2225 733 2257 et
757 2221 935 2258 vestibulo
955 2222 1077 2270 regiae
1104 2221 1366 2269 versabantur,
1395 2219 1455 2257 alii
1481 2233 1548 2270 pro
1573 2220 1749 2259 cubiculis

302 2277 521 2315 desidebant
541 2280 579 2313 et
605 2277 774 2314 excubias
804 2277 965 2326 agebant
996 2278 1057 2313 diu
1082 2281 1288 2325 noctuque:
1327 2276 1365 2313 hi
1402 2275 1748 2326 σωματοφύλακες,

301 2333 437 2371 Latine
456 2333 682 2371 excubitores
700 2333 949 2382 vocabantur,
978 2334 1027 2370 illi
1050 2329 1223 2380 φύλακες
1242 2334 1313 2372 τοῦ
1333 2333 1542 2376 walarico,
1576 2333 1749 2370 custodes

302 2389 453 2440 palatii,
490 2389 663 2440 praetorii
690 2389 821 2425 milites
853 2401 918 2425 seu
951 2389 1195 2439 praetoriani,
1237 2389 1341 2426 aulae
1372 2387 1429 2425 vel
1467 2387 1572 2425 aulici
1605 2388 1749 2426 milites.

303 2447 530 2496 praefectum
549 2445 605 2481 his
625 2445 811 2481 ordinibus
833 2447 984 2481 comitem
1003 2447 1299 2495 praetorianorum
1327 2457 1393 2481 seu
1422 2445 1655 2483 excubitorum
1682 2457 1750 2494 ap-

304 2501 420 2550 pellat
439 2501 660 2550 Iornandes,
688 2499 887 2550 Procopius
903 2503 1094 2551 principem
1123 2501 1301 2538 custodum
1317 2500 1468 2550 palatii,
1496 2500 1681 2550 Corippus
1703 2501 1751 2538 de

303 2556 401 2593 laud.
427 2557 516 2594 Iust.
537 2556 626 2594 Min.
647 2557 673 2595 2
703 2558 783 2598 285
812 2569 931 2593 curam
959 2558 1100 2605 palatii.
1128 2557 1221 2594 alter
1248 2555 1464 2607 curopalata
1494 2560 1574 2593 erat
1591 2567 1750 2606 praepo-

303 2612 398 2648 situs
417 2613 578 2649 fabricae
591 2611 740 2662 palatii,
768 2612 814 2649 de
834 2625 908 2660 quo
927 2612 1170 2650 Cassiodorus
1190 2612 1282 2649 libro
1303 2614 1328 2652 7
1347 2611 1434 2648 Var.
1454 2611 1559 2660 epist.
1582 2612 1627 2661 5,
1647 2611 1750 2649 cuius

245 2704 255 2715 ‚
305 2679 477 2717 magnam
509 2668 725 2717 dignitatem
751 2668 863 2705 fuisse
888 2669 1003 2705 credit
1031 2668 1213 2706 Meursius
1242 2668 1280 2705 in
1312 2667 1524 2716 Glossario,
1553 2668 1644 2718 quod
1667 2671 1751 2705 ante

304 2736 418 2772 ‘rogem
436 2723 680 2761 Theodericum
695 2737 838 2762 auream
862 2726 999 2772 virgam
1019 2730 1162 2771 gestans
1177 2726 1311 2773 primus
1338 2722 1515 2760 incederet.
1543 2726 1582 2762 at
1611 2723 1751 2761 Cassio-

308 2780 431 2816 dorus.-
461 2780 623 2829 primus,
661 2782 797 2830 inquit,
834 2780 928 2817 inter
957 2780 1134 2828 obsequia
1164 2791 1378 2828 numerosa,
1409 2778 1470 2816 hoc
1495 2783 1636 2818 estnon
1663 2782 1751 2818 inter
