1820 3178
329 189 427 234 202
539 188 815 233 GRETSERI
835 189 905 230 ET
926 187 1099 231 GOARI
1117 187 1555 234 COMMENTARIUS

328 295 534 376 conguderis:
566 297 623 343 qui
647 297 733 332 enim
757 297 844 340 cito,
881 307 1006 342 prave,
1032 296 1091 342 qui
1114 295 1261 340 tardius,
1286 295 1404 331 scribit
1425 300 1560 344 quoque
1580 295 1704 332 rectius
1734 299 1770 332 et

325 349 387 375 niti
412 354 474 377 ius.

414 400 448 433 p.
472 389 512 423 11
538 400 572 423 v.
600 389 654 424 17.
685 384 706 422 ὀ
729 383 790 423 ε’πὶ
816 387 889 422 τῶν
908 384 1159 432 ἀναμνήσεων]
1182 388 1425 431 memorialem,
1447 398 1546 433 quem
1560 387 1768 432 magistrum

323 434 505 468 memoriae
526 438 630 467 vocat
652 433 785 479 imperii
805 433 957 476 Nomia,
982 438 1078 478 putat
1092 433 1260 468 Meursius
1273 433 1476 475 institutum,
1506 437 1542 467 ut
1559 433 1767 468 laudationes

323 489 437 512 eorum
459 480 516 523 qui
543 478 682 513 militiae
706 482 765 512 aut
788 478 865 512 alibi
890 479 1021 513 sortiter
1041 490 1077 513 se
1101 479 1285 523 gessissent
1307 478 1501 523 imperatori
1515 483 1713 524 suggereret
1727 489 1768 511 ac

322 524 479 569 praemiis
505 525 769 558 cohonestandos
792 524 1006 563 admoneret3
1033 525 1225 570 clarumque
1238 523 1434 567 fistimmodi
1455 523 1558 559 officii
1581 535 1619 558 se
1645 535 1768 568 reppe-

323 570 410 603 risse
435 570 560 613 gaudet
588 573 828 604 monumentum
854 574 921 603 tum
949 569 1037 614 apud
1066 574 1234 604 auctorem
1257 581 1287 603 c.
1317 570 1359 612 5,
1383 575 1452 603 tum
1474 569 1564 615 apud
1593 569 1766 613 Agathiam

321 614 344 647 l.
367 614 411 656 4,
434 615 485 649 his
509 615 644 649 verbis:
671 611 710 650 ἐκ
736 611 908 661 βασιλέως
922 616 973 657 τῷ
988 613 1182 659 ‘Pavo-11:215»
1203 612 1295 658 ἔχων
1318 610 1513 659 ἐπίταγμα,
1549 611 1606 659 ἐφ’
1628 606 1660 660 «ᾖ
1683 611 1765 648 ἕκα-

320 657 389 694 στά
422 670 460 694 τε
497 657 543 695 τοὶ
567 657 769 704 ποιούμενα
792 658 844 700 εἰς
867 657 908 696 τὸ
931 658 1079 707 α’κριβὲς
1102 660 1323 705 διαγγέλλειν
1345 659 1407 694 καὶ
1428 658 1470 695 τὸ
1494 660 1567 694 τῶν
1592 670 1765 703 στρατιω-

319 705 393 738 τῶν
420 702 504 745 τούς
530 702 786 750 ἀριστεύοντας
810 708 886 747 τοῖς
913 706 1104 752 βασιλείοις
1124 705 1255 749 δώροις
1277 706 1597 750 φιλοφρονεῖσθαι.
1641 708 1678 739 at
1700 715 1766 738 non

319 751 450 784 unicum
483 752 546 785 hoc
581 757 634 787 est
661 751 860 786 memorialis
889 763 1022 793 munus,
1053 752 1111 797 qui
1141 751 1184 785 de
1214 751 1364 785 omnihus
1399 751 1442 784 ad
1470 750 1704 796 rempublicam
1731 755 1766 784 et

319 796 502 841 principem
525 797 774 841 spectantibus,
807 797 849 831 de
871 798 1002 843 publico
1030 796 1116 830 bono
1142 796 1361 840 adaugendo,
1399 797 1607 830 removendis
1637 795 1763 830 incom-

319 841 449 884 modis,
483 842 659 888 puniendis
679 842 861 877 sceleribus
885 854 991 888 aeque
1015 855 1054 876 ac
1076 843 1201 876 virtute
1227 841 1470 887 compensanda
1493 842 1598 887 ipsum
1621 852 1764 875 commo-

319 898 401 920 nere
425 899 466 921 ac
493 900 700 922 commovere
731 889 889 934 suscepit.
937 900 1000 922 non
1033 888 1269 933 repudiandum
1303 887 1379 920 huic
1403 887 1591 922 sententiae
1613 887 1764 921 testimo-

318 933 407 966 nium
430 933 553 977 promit
579 934 751 968 cedrenus
773 934 807 968 in
830 933 980 976 Iustino,
1017 934 1075 967 ubi
1099 935 1291 978 praefectus
1317 932 1408 966 urbis
1431 933 1597 978 loquiturz
1629 943 1764 989 σνῃω-

321 978 428 1020 ρείτω
458 990 500 1022 με
528 974 550 1022 ἡ
577 979 738 1024 βασιλεία
762 989 829 1013 σου
853 977 1079 1023 εἰσέρχεσθαι
1104 976 1196 1020 πρός
1215 990 1253 1013 σε
1290 974 1482 1018 α’κωλύτως
1505 978 1572 1012 τοῦ
1593 974 1641 1012 τοὶ
1670 974 1762 1022 ανή-

318 1035 433 1057 κοντα
456 1022 740 1069 ὑπομιμνήσκειν
761 1021 803 1058 τὸ
824 1022 958 1064 κράτος
978 1036 1066 1068 σου,
1094 1024 1157 1058 καὶ
1183 1024 1318 1070 βεβαιῶ
1341 1020 1432 1068 μετὰ
1455 1021 1654 1066 τριάκοντα
1676 1020 1762 1067 ἡμε-

318 1069 394 1111 ρῶν
419 1066 468 1114 μὴ
495 1067 726 1113 εὑρίσκεσθαι
745 1067 810 1104 τὸν
836 1067 1037 1104 ἀδικοῦντα
1062 1065 1088 1114 ἦ
1111 1066 1376 1114 ἀδικούμενον·
1400 1066 1436 1103 εἰ
1458 1066 1501 1103 δέ
1524 1079 1578 1109 τις
1599 1065 1764 1113 ὑπομνή-

318 1124 372 1148 σει
395 1115 480 1156 περί
500 1128 599 1156 τινος
618 1112 830 1155 ὑποθέσεως
854 1109 898 1160 ἧς
924 1112 1066 1160 ἥκουσα
1089 1109 1159 1160 ἐγὼ
1180 1113 1243 1149 καὶ
1268 1110 1337 1150 ούκ
1369 1111 1578 1160 ἐξεδίκησα,
1612 1114 1763 1159 usquam-

319 1159 391 1199 κῶς
414 1158 726 1205 τιμωρηθήσομαι.

408 1217 453 1252 ib.
481 1228 515 1252 v.
542 1219 594 1252 18.
646 1213 665 1250 ὅ
689 1214 900 1262 δομέστικος
922 1218 996 1252 τῶν
1026 1213 1190 1262 τειχέων]
1218 1227 1317 1260 reges
1355 1216 1507 1251 consules
1542 1217 1762 1261 imperatores

314 1261 418 1295 muris
441 1261 541 1295 urbes
565 1262 708 1296 cinxisse
732 1275 795 1297 non
818 1264 1045 1308 infrequenter
1063 1263 1222 1307 legimus3
1249 1263 1410 1297 bellorum
1435 1263 1538 1296 duces
1567 1262 1667 1296 etiam
1697 1262 1762 1296 hoe

313 1318 398 1340 onus
425 1308 642 1351 assumpsisse
670 1308 823 1342 Belisarii
844 1309 1066 1353 Narsetisque
1092 1320 1146 1342 res
1163 1312 1280 1351 gestae
1295 1308 1434 1342 docent:
1460 1307 1594 1342 transiit
1607 1308 1672 1341 hoc
1686 1313 1760 1342 stu-

313 1353 400 1386 nium
427 1353 470 1386 ad
500 1353 590 1397 ipsos
615 1354 744 1387 urbium
766 1354 925 1398 populos,
951 1365 991 1387 ac
1017 1355 1146 1387 demum
1167 1353 1272 1397 plebis
1298 1354 1470 1398 expensis,
1497 1364 1585 1387 novo
1610 1353 1762 1388 aLeone
1805 1365 1807 1367 ·

311 1397 428 1431 lsauro
454 1398 608 1443 imposito
628 1399 775 1440 tributo,
810 1410 971 1443 nusquam
995 1404 1103 1432 tamen
1125 1399 1282 1442 deinceps
1307 1399 1494 1436 exstincto.
1533 1399 1629 1432 suere
1660 1397 1761 1442 cpoli

310 1443 473 1487 reparati.
521 1443 748 1489 Theophanes
770 1445 802 1477 in
827 1445 899 1479 eius
925 1444 1012 1477 vita:
1048 1440 1289 1486 ἐπεκράτησεν
1313 1440 1333 1477 ὁ
1374 1441 1516 1486 σεισμὸς
1542 1443 1661 1487 μῆνας
1690 1441 1760 1476 δώ-

310 1489 416 1522 δεκα.
463 1485 483 1522 ὁ
509 1482 575 1522 οὖν
601 1486 765 1535 βασιλεύς
791 1487 880 1523 ἰδών
905 1486 951 1523 τοὶ
977 1490 1075 1534 τείχη
1091 1490 1157 1532 τῆς
1169 1487 1308 1527 πόλεως
1322 1486 1543 1543 πτωθένταε,
1570 1486 1759 1532 διελάλησε

308 1535 365 1579 τῳ·
397 1534 475 1580 λαῷ
509 1531 565 1568 ὅτι
597 1532 700 1577 ὑμεῖς
735 1531 802 1569 οὐκ
824 1531 1011 1569 ἐκπονεῖτε
1037 1531 1083 1569 τοὶ
1105 1533 1202 1578 τείχη
1231 1533 1361 1571 κτίσαι.
1408 1530 1484 1567 ἄλλ’
1510 1536 1613 1578 ημεῖς
1641 1545 1760 1574 προσ-

309 1576 486 1623 ετάξαμεν
507 1581 585 1619 τοῖς
608 1580 832 1624 διοικηταῖς,
864 1579 925 1614 καὶ
961 1577 1177 1617 ἀπαιτοῦσιν
1206 1577 1258 1619 εἰς
1280 1575 1346 1613 τὸν
1374 1576 1518 1613 κανόνα
1542 1577 1758 1623 ὁλοκοτίνιν,

308 1626 519 1668 μιλιαρίσιν.
566 1624 628 1659 καὶ
654 1623 830 1671 λαμβάνει
858 1621 948 1659 αὐτὸ
978 1622 1002 1669 ἡ
1034 1624 1213 1671 βασιλεία,
1245 1623 1308 1658 καὶ
1333 1623 1442 1665 κτίζει
1465 1620 1512 1658 τὰ
1543 1623 1654 1669 τείχη.
1701 1620 1759 1659 ἐν·

307 1671 442 1704 τεῦθεν
464 1663 530 1704 οὖν
555 1667 799 1715 ἐπεκράτησεν
821 1667 846 1716 ἡ
871 1668 1053 1715 συνήθεια
1079 1669 1195 1704 δίδειν
1224 1666 1270 1703 τοὶ
1302 1667 1477 1712 δικέρατα
1510 1672 1590 1709 τοῖς
1617 1670 1757 1714 διοικη-

305 1717 400 1755 ταῖς.
446 1727 486 1750 ac
507 1716 583 1750 inde
606 1716 747 1749 forsitan
770 1717 936 1750 emanavit
955 1717 1086 1762 pariter
1106 1719 1145 1749 ut
1166 1726 1332 1749 murorum
1356 1716 1547 1760 praefectus
1561 1714 1756 1749 instituere-

305 1767 380 1794 tur:
406 1763 487 1795 tunc
505 1761 590 1796 enim
617 1762 754 1807 primum
784 1762 948 1805 occurrit,
972 1763 1006 1796 in
1030 1761 1260 1805 Theophane.
1283 1760 1424 1794 Nicetas
1444 1760 1575 1806 quidam
1601 1761 1757 1795 Anthrax

307 1803 432 1851 ἄρχων
452 1808 520 1841 τοῦ
540 1807 698 1852 τείχους,
723 1806 800 1852 qui,
825 1811 863 1841 ut
881 1819 922 1842 ex
943 1807 1040 1842 dictis
1057 1807 1099 1842 de
1114 1805 1293 1840 domestico
1316 1809 1431 1853 patet,
1459 1805 1662 1840 domesticus
1680 1817 1755 1840 mu-

306 1863 422 1886 rorum
446 1864 512 1887 non
531 1853 645 1898 inepte
667 1857 781 1898 potest
804 1853 919 1888 scribi.
1712 1856 1719 1863 ‘

395 1909 442 1942 ib.
468 1920 502 1943 v.
532 1910 585 1943 19.
623 1906 642 1943 ὃ
670 1906 957 1953 προκαθήμενος
980 1908 1048 1942 τοῦ
1071 1907 1258 1952 κοιτῶνος]
1294 1907 1493 1952 praecipuus
1530 1906 1753 1941 cubiculario-

305 1964 379 1987 rum
407 1965 446 1986 ac
470 1954 557 1987 sacri
578 1954 722 1987 cubiculi
746 1956 956 1998 praefectus,
995 1953 1089 1987 cuius
1113 1964 1223 1986 curam
1244 1956 1284 1986 vet
1305 1951 1487 1985 custodiam
1515 1963 1753 1996 παρακοιμω-

302 1996 402 2052 μένῳ
418 1999 609 2043 suppositus
625 2000 851 2033 demandatam
874 2000 987 2032 habet.
1032 1999 1081 2032 ita
1104 2002 1220 2031 auctor
1242 1997 1315 2041 ipse
1336 1998 1425 2031 infra
1449 2009 1477 2030 c.
1503 1996 1538 2032 5.
1561 1997 1682 2031 lectum
1698 2002 1751 2031 et-

302 2055 371 2077 lam
392 2055 505 2077 somno
532 2045 694 2088 capiendo
716 2055 756 2077 ac
779 2044 971 2089 imperatori
989 2048 1089 2076 noctu
1110 2042 1326 2076 custodiendo
1353 2042 1387 2076 in
1406 2053 1502 2075 sacro
1518 2043 1670 2076 cubiculo
1686 2043 1750 2076 ha-

304 2089 420 2122 buisse
441 2094 572 2122 constat
595 2101 637 2122 ex
659 2090 772 2122 Leone
788 2088 1014 2122 Grammatico
1031 2088 1064 2121 in
1085 2087 1248 2120 Michaele
1263 2087 1443 2133 Theophili
1465 2087 1553 2121 filio:
1575 2085 1751 2131 Ἰγνάτιος

304 2131 348 2167 δὲ
372 2133 582 2178 κοιτωνίτης
604 2131 777 2168 οἷπελθών
800 2135 866 2167 τοῦ
888 2135 1025 2167 κλεῖσαι
1050 2129 1117 2174 τὴν
1138 2131 1263 2173 θύραν
1286 2133 1352 2166 τοῦ
1374 2133 1547 2172 κοιτῶνος
1567 2127 1650 2174 εὗρε
1674 2134 1749 2168 διε-

303 2177 551 2223 στραμμένην,
570 2178 632 2212 καὶ
654 2175 840 2222 ἀπογνοὺς
864 2174 1055 2222 ἐκαθέσθη
1078 2175 1137 2213 ἐπὶ
1159 2179 1223 2222 τῆς
1257 2178 1397 2222 κλίνης,
1429 2178 1558 2212 τίλλων
1580 2177 1646 2218 τὰς
1675 2179 1749 2222 τρί-

302 2237 371 2270 χας
396 2221 522 2259 αὐτοῦ.
567 2224 635 2257 τοῦ
660 2221 702 2257 δὲ
727 2221 898 2270 βασιλέως
918 2221 1039 2258 ὕπνον
1060 2221 1215 2270 θανάτῳ
1238 2221 1495 2268 παραπλήσιον
1519 2221 1748 2269 κοιμωμένου

303 2268 457 2314 ἀθρόως
482 2266 605 2304 ἐλθὼν
627 2269 812 2309 Βασίλειος
829 2265 919 2314 μετὰ
954 2268 1017 2303 καὶ
1054 2265 1186 2310 ἑτέρων
1217 2265 1283 2308 τὰς
1315 2266 1436 2311 θύρας
1467 2266 1637 2315 ἀνέῳξεν.
1683 2268 1749 2304 καὶ

302 2313 466 2362 ἔμφοβος
489 2311 646 2357 ἐξελθών
662 2312 836 2359 Ἰγνάτιος
861 2311 1080 2350 άντέπιπτεν
1108 2314 1279 2359 Βασιλείῳ
1301 2311 1350 2359 μὴ
1366 2312 1558 2349 εἰσελθεῖν,
1605 2316 1748 2349 curabat

299 2362 357 2396 hic
378 2361 587 2407 imperatoris
613 2360 759 2394 defuncti
781 2371 912 2405 corpus,
959 2360 1044 2394 idem
1070 2361 1140 2394 Leo
1165 2361 1263 2406 paulo
1281 2360 1385 2394 infra:
1415 2357 1596 2394 ἀπέστειλε
1613 2358 1654 2394 δὲ
1672 2362 1748 2394 Βα-

299 2407 430 2447 σίλειος
447 2404 510 2440 καὶ
534 2406 682 2440 Παῦλον
707 2406 921 2450 κοιτωνίτην
946 2406 1013 2440 τοῦ
1037 2402 1258 2449 ἐνταφιάσαι
1286 2402 1352 2440 τὸν
1381 2403 1544 2450 Μχοιήλ.
1591 2405 1744 2440 calfieri-

299 2453 404 2487 nitem
429 2451 717 2496 προκαθήμενον
742 2452 808 2485 τοῦ
830 2452 1003 2491 κοιτῶνος
1027 2456 1190 2485 memorat
1216 2451 1469 2485 Cantacuzenus
1494 2454 1512 2486 l
1539 2452 1593 2486 19.

391 2510 438 2543 ib.
463 2521 496 2542 v.
519 2509 574 2543 20.
599 2504 618 2542 ὂ
638 2504 920 2563 προκαθήμενος
947 2507 1015 2542 τοῦ
1040 2507 1258 2553 βεστιαριόυ]
1290 2508 1331 2541 de
1355 2507 1514 2542 vestiario
1531 2506 1742 2552 Hesychius:

301 2553 507 2601 βεστιάριον
527 2551 639 2593 τόπος
661 2549 699 2588 ἐν
723 2546 752 2599 ᾧ
775 2565 822 2587 τα
845 2550 1013 2598 χρήματα
1035 2552 1204 2587 τίθενται
1230 2551 1293 2588 καὶ
1311 2549 1357 2587 τά
1377 2550 1502 2595 ἱμάτια
1519 2554 1587 2586 τοῦ
1601 2553 1740 2587 κοινοῦ.

298 2607 336 2634 ut
362 2605 476 2634 vestes
500 2603 673 2639 asservat,
697 2603 837 2632 vocatur
858 2598 936 2631 alibi
959 2599 1001 2632 ab
1028 2602 1166 2632 auctore
1188 2596 1231 2632 τὸ
1254 2595 1355 2638 ἐντὸς
1378 2595 1655 2642 ἄλλαξιμάριον,
1682 2610 1742 2642 pe-

295 2648 431 2680 netrale
454 2647 599 2680 vestibus
621 2645 798 2679 mutandis
821 2643 1033 2689 dispositum,
1062 2645 1157 2688 quasi
1180 2644 1272 2678 dicas
1299 2644 1537 2678 mutatorium.-
1560 2648 1597 2676 ut
1618 2643 1739 2678 aerarii

295 2702 433 2725 munere
457 2691 666 2735 defungitur,
698 2701 719 2724 a
742 2690 864 2724 Niceta
887 2690 910 2723 1.
932 2690 955 2724 3
976 2689 1083 2723 Alexii
1109 2690 1270 2723 Comneni
1290 2686 1331 2724 τὸ
1354 2687 1420 2723 ἔσω
1442 2690 1606 2732 ταμιεῖον
1628 2691 1735 2723 inter-

296 2749 378 2770 num
402 2738 586 2771 aerarium.
633 2736 763 2770 Latinis
787 2736 873 2770 idem
898 2738 1050 2780 praestat
1074 2735 1266 2769 vestiarium
1302 2747 1343 2769 ex
1365 2734 1625 2768 bibliothecariis
1649 2734 1738 2768 Gui-

296 2783 406 2816 liehuo
436 2787 470 2816 et
493 2781 690 2823 Anastasio,
719 2782 776 2816 illo
807 2780 938 2826 quidem
964 2781 997 2814 in
1022 2781 1192 2825 Stephano
1222 2782 1243 2815 6
1273 2781 1460 2815 scribente:
1500 2781 1583 2824 quid
1615 2782 1738 2814 mirum

296 2829 327 2862 εἰ
359 2829 595 2863 vestiariorum
630 2838 741 2873 gazas
770 2826 923 2872 reperit?
971 2826 1034 2860 hoc
1065 2830 1174 2860 eutem
1208 2826 1242 2860 in
1274 2825 1455 2860 Severino=
1495 2826 1738 2871 sigillaverunt
