1820 3178
270 251 327 298 17
334 249 364 295 8
485 237 758 289 GRETSERI
779 234 851 277 ET
872 226 1046 275 GOARI
1063 211 1498 268 COMMENTARIUS

268 353 512 436 περσέἒαστος
535 347 794 385 ἀναδείκνυται
814 337 879 375 καὶ
900 335 1104 378 σύντροφος
1124 329 1190 365 τοῦ
1213 323 1398 367 Καίσαρος
1429 318 1580 364 γίνεται.
1627 310 1693 347 τού

269 417 343 440 των
399 399 414 436 ἒ
446 400 518 434 τῶν
550 389 762 438 ἀξιωμάτων
794 383 863 430 τὴν
885 378 1125 424 καινοτομίαν
1146 372 1166 409 ὃ
1193 368 1278 416 ἒμὸς
1298 363 1422 411 πατὴρ
1445 356 1713 407 προσεξεύρατο

269 447 439 494 ξυνθείς,
475 455 554 481 τοις
584 437 625 474 δὲ
658 435 721 472 καὶ
743 426 1088 476 παραχρησάμενος·
1122 417 1164 456 τὸ
1188 417 1255 464 μὲν
1279 410 1349 460 γὰρ
1372 403 1717 452 πανυπερσέβαστος

271 494 336 532 καὶ
358 483 677 538 σεβαστοκρὰτωρ,
700 478 765 515 καὶ
787 475 856 512 ὅσα
878 474 1057 512 τοιαῦτα,
1091 458 1363 514 συντεθεικὲναι
1393 440 1723 510 παραχρησάμενοέ

274 540 446 586 φαίνεται
458 548 473 590 ·'
493 528 664 578 σεβαστοὶ
686 523 755 572 γὰρ
780 521 819 558 οἵ
842 521 998 568 βασιλεῖς
1019 511 1204 568 ἀνέκαθεν
1226 517 1358 543 κοινως
1380 491 1720 557 αἶνομαζοντο,,καὶ

276 675 387 719 enim,
420 682 487 706 non
520 670 669 702 Caesare
699 661 794 697 modo
827 657 887 693 sed
916 659 951 689 et
972 650 1173 691 domestico,
1205 639 1538 691 panhypersebastus
1559 629 1724 670 humilior,

278 721 369 756 unde
402 723 437 752 et
469 710 837 762 panhypersebastum,
875 713 897 735 a
927 710 992 745 quo
1027 696 1090 732 sibi
1117 690 1310 732 metuebat,
1349 697 1370 730 p
1391 674 1725 722 omeriturusbsenior

279 763 492 803 Andronicus
524 759 567 792 ad
592 754 749 790 Caesaris
773 748 968 795 dignitatem
989 741 1112 778 evexit.
1161 739 1337 779 Gregoras
1405 731 1464 763 20:
1503 722 1596 760 ὅθεν
1618 718 1638 756 ὃ
1663 731 1724 774 γι]-

282 807 388 856 ραιὸς
421 801 584 853 βασιλεὺς
615 796 679 834 διὰ
712 794 796 836 δέος
825 789 1000 838 μειζόνων
1027 785 1150 822 κακῶν
1182 779 1368 815 ἀπέστειλε
1405 770 1602 819 πρεσβείαν
1637 773 1733 807 προς

281 853 396 893 αὐτὸν
420 843 799 898 (πανυπερσὲβαστον)
822 836 886 874 καὶ
919 833 995 880 ἅμα
1017 834 1062 878 τῇ
1085 826 1257 874 πρεσβείᾳ
1291 821 1355 858 καὶ
1377 817 1423 854 voi
1454 817 1521 864 τοῦ
1551 816 1728 853 Καισαρι-

283 902 353 938 κοῦ
385 895 588 942 ἀξιώματος
623 889 798 936 σύμβολα.
844 882 1057 917 illustriorem
1089 881 1202 910 tamen
1227 883 1253 926 ‚a
1282 877 1388 916 prima
1426 867 1486 899 sua
1523 856 1732 895 institutione

286 946 480 984 reddiderat
501 941 589 975 idem
612 937 816 981 imperator,
839 933 878 963 ut
903 927 990 974 apud
1012 925 1206 966 Gregoram
1229 925 1337 961 ipsum
1358 909 1508 956 reperies
1530 904 1608 940 libri
1630 912 1731 948 prae-

289 991 439 1029 cedentis
472 992 556 1023 sect.
579 985 637 1020 28.
660 986 696 1015 et
717 984 755 1012 ut
777 977 942 1012 illustrem
963 963 1062 1007 valde
1083 967 1198 1002 laudat
1220 962 1360 996 Nicetes
1382 957 1416 989 in
1441 949 1631 988 Andronico
1653 947 1674 981 1.
1702 947 1733 979 1.

400 1074 438 1112 p.
461 1061 486 1101 8
504 1070 538 1093 v.
563 1056 623 1094 13.
670 1041 993 1090 Protovestiarius]
1027 1037 1166 1089 primns
1193 1029 1401 1082 praefectus
1429 1019 1606 1068 vestiarii,
1635 1016 1735 1055 euius

289 1132 383 1158 uxor
396 1111 667 1167 protovestiarz'a
686 1102 936 1147 salutabatur,
962 1099 1005 1132 ut
1027 1097 1085 1130 est
1112 1090 1213 1141 apud
1232 1086 1386 1123 Annam
1405 1081 1636 1118 comnenam
1659 1072 1683 1109 l.
1710 1075 1735 1112 (5

293 1172 457 1213 Alexiad.
483 1170 530 1206 de
548 1158 831 1218 protovestiario
853 1154 999 1204 saepius
1017 1149 1165 1200 dabitur
1185 1142 1329 1182 dicendi
1346 1140 1460 1176 locus.
1678 1158 1702 1186 Ὠ

385 1259 421 1292 p.
444 1246 466 1278 8
498 1255 533 1276 v.
562 1242 616 1275 18.
664 1233 856 1270 vestiarium
886 1227 988 1263 adibit
1022 1225 1079 1270 qui
1111 1222 1154 1255 de
1187 1213 1448 1264 protovestiario
1480 1204 1641 1244 sollicitus
1674 1205 1739 1237 est.

294 1292 498 1331 vestiarium
520 1291 754 1327 nonnunquam
776 1277 920 1312 vestitus
943 1277 1015 1311 est,
1038 1281 1092 1304 res
1113 1265 1299 1306 vestiaria,
1332 1263 1497 1305 quantum
1516 1253 1607 1288 satis
1620 1254 1669 1284 est
1683 1248 1741 1282 υεὲ

297 1343 423 1381 stium,
446 1336 533 1370 sicut
555 1329 748 1365 calciarium
772 1326 929 1368 quantum
951 1318 1250 1351 calceamentorum
1282 1317 1420 1341 necesse
1440 1305 1504 1336 est.
1548 1294 1741 1332 vestiarium

297 1388 333 1421 in
355 1380 533 1430 postremis
555 1376 650 1410 libris
676 1370 811 1407 Codicis
842 1372 875 1400 et
904 1366 938 1398 in
970 1361 1104 1397 Notitia
1131 1355 1265 1401 Imperii
1294 1351 1427 1395 accipe.
1467 1348 1503 1380 in
1535 1355 1602 1388 quo
1631 1345 1742 1375 vestes

297 1427 460 1477 principis
483 1423 670 1458 conduntur
702 1423 738 1451 et
767 1417 983 1458 reponuntur.
1030 1402 1269 1447 Moschopulus
1293 1398 1349 1432 lib.
1375 1394 1427 1428 cui
1451 1390 1567 1426 titulus
1590 1379 1744 1428 συλλογὴ

295 1473 460 1511 Ἀττικῶν
478 1464 689 1512 ὀνομάτων.·
725 1455 987 1508 βεστιοπροέτης
1017 1448 1036 1486 ὃ
1071 1447 1230 1494 ῥ’άπτης·
1269 1441 1392 1490 βεστία
1422 1434 1492 1483 γὰρ
1522 1428 1627 1475 παρὰ
1654 1428 1746 1464 ‘Pm-

301 1521 423 1568 μαίοις
445 1513 491 1551 τοὶ
516 1511 662 1558 ἷμοίτια,
685 1504 721 1549 ἐξ,
746 1499 790 1542 οὖ
814 1501 879 1538 καὶ
902 1496 1106 1546 βεστιοὲριον
1129 1492 1282 1535 κυρίως,
1307 1485 1347 1522 ἐν
1374 1478 1403 1532 ᾧ
1424 1480 1471 1518 τοὶ
1494 1472 1663 1528 βασιλικοὶ
1689 1470 1744 1509 ἔν-

302 1564 448 1611 δύματα
470 1556 732 1605 φυλάσσονται.
779 1547 978 1583 Guillelmus
1001 1541 1130 1586 Tyrius
1154 1539 1178 1572 l.
1203 1538 1226 1571 2
1248 1535 1290 1568 de
1312 1532 1400 1567 bello
1424 1538 1543 1563 sacro:
1568 1535 1634 1568 quo
1646 1523 1748 1565 facto

304 1625 345 1648 ea:
361 1605 593 1654 imperialibus
607 1596 779 1635 vestiariis
793 1596 909 1629 obtata
921 1594 1000 1625 sunt
1021 1585 1196 1632 praedicto
1218 1582 1294 1616 viro
1317 1580 1358 1612 in
1379 1586 1467 1610 auro
1486 1571 1633 1606 vestibus
1657 1566 1751 1600 vasis

306 1664 342 1693 et
373 1652 529 1701 pretiosis
558 1646 744 1692 lapidibus.
787 1640 882 1674 vides
910 1637 945 1670 in
975 1631 1133 1668 vestiario
1157 1639 1222 1662 non
1244 1630 1352 1660 vestes
1377 1620 1474 1656 modo
1498 1616 1618 1652 sedset
1639 1620 1752 1646 aurum

307 1713 391 1737 vasa
420 1697 550 1743 lapides
579 1691 745 1738 pretiosos
774 1683 913 1731 reponi,
946 1680 1035 1714 unde
1067 1673 1217 1710 nonnulli
1246 1667 1396 1706 vestiarii
1417 1661 1635 1704 thesaurique
1657 1658 1758 1690 unam*

307 1746 537 1791 acceptionem
563 1736 778 1773 contendunt.
823 1727 1002 1763 vestiarius
1023 1724 1140 1768 itaque
1170 1718 1227 1764 qui
1257 1709 1482 1750 huiuscemodi
1514 1709 1632 1744 curat,
1673 1711 1756 1747 pro-

311 1796 398 1833 fert,
421 1786 592 1828 recondit,
617 1782 783 1816 asservat.
829 1776 858 1809 is
882 1769 1082 1820 βεστιοὶριος
1105 1764 1266 1804 Graecis,
1295 1765 1333 1794 ut
1355 1758 1512 1792 zonarae
1534 1753 1568 1786 in
1590 1746 1755 1788 lundonia,

311 1836 429 1873 Ioanni
449 1835 656 1868 Damascene
680 1822 840 1859 monacho
866 1825 901 1854 et
929 1817 1013 1852 aliis.
1060 1813 1217 1859 princeps
1248 1806 1388 1841 omnium
1418 1789 1758 1843 πρωτοβεστιᾶριος,

312 1885 356 1918 de
386 1892 452 1926 quo
491 1878 526 1911 in
551 1871 741 1921 praesenti,
767 1868 858 1902 cuius
888 1874 1007 1898 nomen
1033 1860 1102 1893 iam
1133 1867 1158 1890 a
1180 1851 1361 1897 Theophili
1381 1844 1587 1891 temporibus
1611 1837 1757 1883 agnitum

312 1927 402 1973 apud
425 1922 687 1965 Theophanem,
710 1928 730 1949 a
753 1911 895 1947 caeteris
917 1907 1038 1942 deinde
1061 1901 1228 1938 historicis
1249 1899 1462 1941 usurpatum,
1488 1901 1508 1923 a
1530 1885 1656 1929 magnis
1678 1882 1761 1914 viris

315 1971 487 2007 ambitum.
534 1960 843 2010 panhypersebasto
868 1955 1010 1989 nondum
1032 1949 1186 1984 instituto
1211 1955 1231 1977 a
1253 1939 1434 1976 domestico
1458 1934 1623 1977 dignitate
1641 1937 1762 1962 secun-

317 2019 381 2052 dus
407 2015 494 2052 fuit,
521 2014 660 2044 auctore
686 2003 841 2038 Cedreno
865 2001 899 2031 in
924 1994 1146 2031 Constantino
1171 1987 1309 2022 Romani
1351 1983 1442 2016 filio:
1479 1974 1670 2012 Νικόλαον
1693 1967 1762 2016 γὰρ

319 2059 388 2097 τὸν
409 2059 555 2100 πρῶτον
577 2050 692 2086 αὐτοῦ
714 2040 990 2088 θαλαμηπόλων
1022 2033 1238 2070 δοαὲστικον
1268 2023 1495 2072 προεβάλετο
1525 2021 1599 2055 τῶν
1627 2015 1765 2062 σχολῶν

319 2106 383 2143 καὶ
412 2094 758 2145 παρακοιμώμενον,
805 2083 1026 2131 Νικηφόρον
1055 2078 1097 2115 δὲ
1127 2076 1193 2113 τὸν
1225 2071 1298 2121 μετ’
1331 2069 1472 2107 ἐκεῖνον
1500 2063 1547 2101 τὰ
1577 2063 1765 2104 δευτερεῖα

320 2149 485 2197 φέροντα
514 2135 858 2187 πρωτοβεστιάριον.
903 2136 942 2164 ut
971 2126 1154 2162 domestico
1187 2121 1373 2167 proximus,
1408 2126 1448 2149 ac
1478 2123 1549 2147 rem
1570 2107 1763 2143 vestiariam

321 2201 490 2234 tractans,
524 2199 636 2224 sacras
659 2181 787 2218 Christi
810 2177 932 2213 fascias
954 2175 987 2208 in
1012 2170 1239 2206 ecclesiastica
1259 2162 1474 2211 processione
1496 2161 1632 2202 gestare
1659 2151 1764 2187 mani-

322 2245 387 2277 bus
410 2239 511 2274 audet
532 2233 621 2280 apud
646 2230 832 2265 cedrenum
858 2224 891 2256 in
916 2219 1077 2255 Michaele
1099 2213 1326 2260 Paplilagone.
1370 2207 1419 2242 illi
1441 2205 1484 2239 ad
1500 2200 1685 2237 cubiculum
1701 2197 1764 2231 im-

324 2284 491 2334 peratoris
512 2293 574 2315 nec
596 2288 660 2312 non
683 2275 719 2308 in
743 2273 815 2317 ipso
839 2278 933 2302 sacro
966 2262 1117 2298 cubiculo
1150 2258 1294 2293 dormire
1324 2256 1377 2288 fas
1408 2255 1493 2285 erat.
1538 2248 1611 2281 Leo
1638 2245 1765 2278 Gram-

325 2332 468 2368 maticus
491 2329 524 2361 in
547 2321 712 2360 Michaele
727 2313 905 2359 Theophili
923 2311 1010 2345 filio:
1047 2307 1203 2341 ἔνδοθεν
1232 2300 1274 2337 δὲ
1298 2300 1365 2336 τοῦ
1387 2296 1562 2333 κοιτῶνος
1585 2283 1633 2335 ἦν
1658 2290 1766 2322 Βασι-

327 2370 510 2413 λισκιανὸς
532 2371 576 2415 τῇ
593 2363 763 2414 βουλήσει
784 2361 852 2395 τοῦ
877 2353 1047 2403 βασιλέως
1068 2349 1238 2389 ὑπνώσας
1259 2344 1298 2382 ἒν
1328 2346 1373 2391 τῇ
1394 2342 1497 2386 κλίνῃ
1529 2338 1597 2372 τοῦ
1618 2333 1765 2368 Ῥεντα-

328 2423 413 2458 κίου
433 2416 526 2462 πρὸς
555 2408 724 2459 φυλακὴν
762 2404 889 2441 αὐτοῦ.
936 2406 1008 2435 erat
1039 2396 1224 2433 Rentacius
1256 2394 1314 2427 ille
1345 2383 1644 2436 protovestiarius,
1678 2377 1770 2424 prius

330 2469 442 2512 aliquo
465 2470 617 2507 tempore
637 2469 659 2492 a
681 2452 846 2491 Michaele
868 2448 910 2481 ad
944 2445 1139 2481 monendum
1172 2441 1214 2474 de
1246 2437 1370 2472 Basilio
1401 2429 1592 2468 coronando
1623 2423 1772 2472 patriar-

330 2515 427 2548 cham
449 2510 589 2548 missus,
612 2508 649 2539 et
670 2506 781 2536 vestes
802 2495 994 2540 regiumque
1017 2491 1212 2536 apparatum
1235 2494 1362 2518 omnem
1384 2478 1590 2526 prolaturus.

445 2599 483 2636 p.
506 2584 532 2623 9
553 2594 595 2621 v„
609 2577 645 2619 4.
675 2575 695 2618 ὁ
714 2572 832 2627 μέγας
852 2568 963 2617 δούξ]
992 2569 1120 2603 notum
1139 2565 1195 2599 est
1224 2560 1324 2597 unde
1350 2553 1482 2592 Graeci
1512 2548 1615 2587 ducis
1640 2555 1774 2583 nomen

335 2641 552 2692 acceperint.
581 2635 667 2672 inde
692 2628 884 2671 δούκαινα
907 2623 1008 2661 ducis
1036 2633 1149 2667 uxor,
1177 2617 1331 2655 Nicetae
1361 2613 1398 2648 in
1431 2606 1557 2646 Alexio
1583 2603 1774 2640 Comneno

336 2700 361 2737 l.
389 2702 422 2738 1.
453 2694 616 2741 δουκᾶς,
647 2682 862 2731 δουκάδος,
891 2674 1077 2721 δονκάδι,
1107 2671 1294 2715 δουκάδα.
1349 2665 1523 2717 Synodus
1544 2657 1773 2697 Florentina:

339 2752 408 2795 καὶ
432 2752 473 2790 οἰ
489 2746 645 2803 μεγάλοι
671 2740 860 2786 αὕθὲντες
878 2735 944 2776 καὶ
978 2729 1143 2785 ῥηγάδες
1164 2729 1230 2768 καὶ
1255 2721 1459 2767 ὁουκάδες.
1484 2716 1638 2766 legimus
1667 2712 1778 2750 etiam

343 2810 383 2849 οἱ
411 2808 569 2851 δοῦκαι,
594 2799 664 2841 τὸν
696 2801 820 2839 ὂοῦκα
852 2792 916 2833 καὶ
951 2791 1115 2829 Beonan.
1156 2785 1292 2834 Tyrius
1326 2780 1451 2827 magni
1475 2775 1574 2813 ducis
1601 2767 1779 2814 meminit,

342 2865 409 2904 sed
426 2862 558 2900 iunctis
579 2863 616 2896 et
630 2854 810 2906 corruptis
831 2846 1028 2896 vocabulis,
1047 2845 1100 2886 20
1117 2841 1186 2883 14:
1208 2842 1303 2878 misit
1323 2847 1398 2874 cum
1417 2832 1526 2871 classe
1539 2828 1580 2866 de
1596 2828 1669 2865 suis
1679 2824 1781 2876 prin-
