1864 3164
267 180 364 229 240
474 179 747 226 GRETSERI
767 178 839 222 ET
859 176 1034 221 GOARI
1053 175 1492 220 COMMENTARIUS

265 307 338 333 κον
353 288 542 342 λωρίκιον
574 289 722 344 λωρίκη
757 284 943 342 λούρικον
971 287 1176 341 λουρίκιον
1207 287 1256 326 sit
1281 287 1465 339 ipsissima
1492 285 1711 326 Latinorum

267 349 396 396 lorica,
425 347 535 385 latius
555 350 680 385 tamen
699 346 848 383 nomina
872 344 963 383 haec
988 344 1047 382 hic
1073 348 1319 395 usurpantur,
1347 345 1515 382 nimirum
1543 343 1714 382 absolute

264 418 334 456 pro
355 404 521 441 thorace:
550 415 670 452 neque
697 402 793 440 enim
812 401 1003 439 verisimile
1036 404 1114 452 est,
1143 401 1294 450 quando
1319 413 1490 451 proceres
1512 401 1550 438 in
1575 401 1714 452 palatio

263 460 490 511 temporibus
513 459 614 509 pacis
647 458 847 509 gestabant
875 457 1048 510 epiloriea
1062 484 1074 508 ,
1110 457 1216 494 simul
1246 457 1358 494 etiam
1381 461 1550 507 gestasse
1571 457 1715 496 loricas.

265 517 427 556 Tzetzes
442 517 478 552 in
493 514 718 553 Hesiodum:
740 511 859 566 χιτών
873 512 941 554 καὶ
955 516 1084 566 φᾶρος
1100 512 1179 553 ἐστὶ
1198 510 1242 552 τό
1261 512 1528 565 διεσχισμένον
1543 509 1716 566 ἱμάτιον,

266 571 291 615 ὂ
311 575 507 622 καλοῦμεν
538 569 784 622 ἐπιλώρικον.
813 570 876 607 ubi
899 571 1001 608 vides
1026 570 1072 608 ab
1097 569 1167 607 hoc
1191 572 1341 608 auctore
1367 570 1565 622 epiloricum
1593 570 1717 608 vocari

268 633 408 669 vestem
424 627 636 675 discissam3
667 627 784 678 qualis
801 627 994 665 Germanis
1013 630 1070 665 est
1089 630 1143 664 ein
1160 626 1284 676 gotter.

357 715 392 750 p.
412 703 457 738 22
473 713 508 736 v.
525 703 560 738 5.
607 699 763 747 λώρικον
787 706 822 735 et
844 701 1012 744 λωοίκιον
1035 702 1142 736 lorica
1169 705 1241 742 est,
1267 701 1416 747 pectoris
1437 704 1472 735 et
1494 700 1584 735 dorsi
1607 711 1720 735 arma-

267 754 356 785 tura.
402 748 647 792 Theophanes:
691 745 824 793 ἔλαβον
864 745 912 783 τά
941 747 1091 790 λωρίκια
1122 746 1185 782 καὶ
1218 744 1285 788 τάς
1319 746 1471 787 κασίὸας
1507 743 1628 781 αὐτῶν
1655 745 1721 782 καὶ

267 793 391 829 πάντα
416 790 464 829 τοὶ
489 792 648 838 ἅρματα.
693 788 908 836 ἔπιλώρικον
929 794 1081 828 militare
1098 805 1224 838 sagum
1249 798 1312 835 est,
1336 792 1560 827 castrensibus
1580 791 1722 827 tesseris

268 842 366 875 iuxta.
389 846 515 874 turmas
537 839 687 884 singulas
709 839 990 882 discriminatum,
1022 843 1060 873 ut
1084 839 1204 874 milites
1226 838 1458 874 internoscant
1491 838 1617 880 duces,
1651 839 1721 873 Ga·

269 897 375 931 saque
399 886 555 920 d’armes.
602 884 702 919 armis
724 884 973 929 superinduitur
994 885 1089 919 iuxta
1111 891 1270 924 etvmum.
1318 885 1390 918 Leo
1416 884 1451 918 in
1474 884 1627 919 Tacticis
1641 894 1724 918 con-

271 933 342 967 stit.
368 933 411 973 6,
434 930 612 976 descriptis
635 935 824 964 armaturae
846 930 985 975 singulis
1008 931 1180 975 partibus:
1204 927 1379 975 χρήσιμον
1403 927 1496 975 ἔχειν
1514 926 1724 972 ἔπιλῶρικα,

273 975 335 1012 ὅτε
365 976 490 1022 χρεία,
523 973 782 1020 ἐπενὸυόμενα.
829 988 909 1022 pars
940 976 1012 1010 eius
1045 975 1195 1010 anterior
1218 987 1239 1010 a
1261 976 1449 1022 posteriore
1471 975 1590 1009 dissita
1611 978 1666 1009 est
1688 978 1725 1008 et

272 1024 398 1064 libera;
429 1033 470 1056 ac
495 1027 675 1077 propterea
705 1019 949 1066 διεσχισμένον
978 1018 1125 1066 ΐμάτιον
1155 1026 1257 1056 vocat
1288 1021 1438 1056 Tzetzes
1468 1021 1503 1055 in
1526 1020 1723 1055 Hesiodum.

273 1067 436 1102 describit
458 1068 599 1101 Nicetas
622 1068 656 1100 in
681 1067 837 1101 Manuele
857 1067 880 1102 l.
904 1069 926 1102 6
949 1067 1075 1111 regium
1109 1067 1295 1101 huiusmodi
1327 1078 1464 1112 sagum:
1494 1063 1727 1111 θεασάμενος

273 1111 318 1148 δὲ
343 1115 397 1147 Γα
426 1113 493 1156 ρᾶς
515 1109 563 1157 ἢν
587 1108 658 1157 εἶχε
681 1110 843 1146 σπολάδα
867 1108 887 1147 ὁ
913 1109 1080 1159 βασιλεὺς
1104 1109 1173 1156 τὴν
1195 1109 1324 1157 χροιὰν
1351 1108 1624 1159 χολοβάφινον,
1657 1107 1726 1145 οὐκ

276 1156 386 1203 εὖσύμ
415 1161 501 1192 ολον
521 1154 562 1191 τὰ
585 1158 711 1202 χρῶμα
735 1158 864 1202 τοῦτο,
895 1159 1027 1202 φησίν,
1062 1151 1090 1192 ὦ
1125 1159 1292 1203 βασιλεῦ,
1323 1154 1416 1192 ἀλλὰ
1436 1157 1500 1192 καὶ
1524 1157 1607 1192 λίαν
1629 1152 1725 1191 κατὰ

281 1201 351 1248 τὴν
375 1202 475 1245 ω’ραν
498 1203 565 1237 τοῦ
588 1201 748 1247 πολέμου
782 1206 864 1244 ταῖς
894 1201 1060 1248 άγαθαῖς
1088 1204 1213 1249 τύχαις
1250 1201 1510 1247 ἀντιπρᾶττον.
1558 1198 1670 1243 αὐτὸς
1691 1198 1727 1236 δ’

278 1247 341 1285 ἐπὶ
362 1252 441 1289 τοῖς
464 1245 667 1292 εἰρημένοις
691 1246 807 1295 βραχὺ
830 1247 892 1282 καὶ
924 1246 1164 1294 βεβιασμένον
1199 1247 1410 1294 μειδιάσας,
1437 1246 1506 1293 τὴν
1537 1245 1730 1292 ἐπιθωρά-

277 1307 360 1330 mov
383 1290 515 1337 στολὴν
539 1290 682 1333 άποδύς
705 1290 828 1340 ἐκείνῳ
853 1294 981 1328 δίδωσι
1002 1295 1181 1342 πορφυρᾷ
1210 1293 1273 1328 καὶ
1301 1294 1422 1340 χρυσῷ
1451 1290 1729 1338 διηνθισμένην.

278 1346 316 1375 at
338 1352 403 1374 non
427 1345 612 1373 castrorum
635 1344 766 1374 tantum
789 1344 824 1374 et
846 1340 1004 1382 militiae,
1038 1352 1154 1375 verum
1187 1351 1321 1385 quoque
1353 1339 1446 1386 pacis
1469 1345 1503 1374 et
1526 1339 1640 1374 curiae
1666 1350 1732 1373 ve-

279 1386 471 1421 stimentum
494 1389 548 1419 est
571 1380 807 1429 ἐπιλώρικον;
830 1385 917 1419 unde
941 1390 978 1419 et
1000 1386 1222 1431 quodcunque
1246 1385 1452 1427 huiusmodi,
1475 1385 1504 1419 si
1530 1384 1628 1419 modo
1643 1383 1733 1419 scis·-

279 1443 352 1467 sum
377 1434 430 1464 est
454 1433 489 1464 et
510 1429 669 1474 divisum,
701 1430 771 1464 tale
794 1442 915 1464 nomen
944 1432 1096 1465 sortitur.
1141 1431 1292 1465 Tzetzes
1323 1431 1468 1466 citatust
1505 1427 1626 1473 φάρος
1655 1425 1732 1464 ἐστὶ

278 1474 322 1512 τὸ
354 1471 597 1520 ὃιεσχισμένον
632 1472 798 1519 ἴμάτιον,
833 1471 857 1510 ὃ
889 1477 1069 1521 καλοῦμεν
1099 1472 1336 1520 ε’πιλώρικον,
1372 1475 1436 1511 καὶ
1469 1475 1546 1510 πᾶν
1567 1471 1610 1509 τὰ
1634 1471 1732 1509 οὕτω

279 1519 537 1566 διεσχισμένον.
583 1526 702 1555 auctor
724 1532 881 1566 quoque,
918 1533 992 1556 cum
1024 1522 1156 1567 placet,
1189 1522 1310 1556 asserit
1332 1522 1385 1556 hic
1406 1520 1490 1566 geri.
1538 1531 1612 1555 cum
1634 1520 1734 1555 belli-

280 1579 355 1602 cum
379 1572 431 1601 est
453 1570 585 1600 tantum
609 1570 644 1600 et
667 1571 852 1601 castrorum
876 1568 1069 1612 proprium,
1102 1566 1276 1613 κλίβανον
1309 1572 1368 1602 aut
1397 1563 1586 1613 κλιβάνων
1609 1565 1734 1600 dictum

280 1613 431 1658 reperies
455 1611 546 1657 apud
569 1611 717 1646 Leonem
740 1613 774 1646 in
796 1612 949 1647 Tacticis
972 1618 1006 1648 et
1037 1613 1191 1647 Nicetam
1222 1613 1536 1647 Graecobarbarum
1568 1612 1644 1646 loco
1677 1622 1736 1645 su-

281 1658 397 1704 perius
421 1657 588 1691 adducto:
614 1655 704 1692 ἰδὼν
727 1655 769 1692 δὲ
794 1655 814 1692 ὃ
842 1658 992 1704 Γαβράς
1012 1657 1075 1693 καὶ
1098 1655 1139 1693 τὸ
1163 1654 1289 1692 ἐπάνω
1311 1658 1509 1704 κλίβανον,
1540 1653 1564 1693 ὃ
1587 1654 1607 1692 ὁ
1633 1657 1736 1703 βασι-

284 1701 365 1743 λεὺς
387 1700 512 1737 ἐπάνω
536 1703 610 1737 τῶν
634 1699 809 1746 άρμάτων
832 1701 948 1738 αὐτοῦ
977 1702 1113 1748 ἐφόρει.
1159 1709 1194 1738 at
1217 1705 1261 1738 de
1283 1705 1415 1738 clibano
1439 1703 1542 1739 aubi.-
1575 1713 1636 1737 cur
1658 1713 1737 1736 cae-

284 1754 392 1784 terum
415 1754 536 1783 auctor
561 1744 816 1793 ἕπιλούρικον,
840 1749 897 1783 alii
923 1761 1005 1783 vero
1030 1746 1245 1791 ἐπιλῶρικον
1269 1750 1434 1792 scribant,
1468 1748 1658 1795 expositum
1680 1759 1737 1782 re-

283 1796 394 1841 peries
419 1794 602 1840 superioris
629 1795 748 1840 capitis
771 1800 851 1830 nota
874 1795 916 1830 ad
945 1807 980 1841 p.
1005 1796 1048 1830 14
1072 1807 1106 1830 v.
1131 1796 1166 1831 9.

350 1863 422 1897 -ib.
455 1873 489 1896 v.
522 1863 557 1897 7.
587 1862 655 1896 τοῦ
682 1861 841 1907 μεγάλου
871 1858 1121 1907 ἕταιριάρχου]
1156 1863 1242 1897 hunc
1274 1873 1408 1907 quoque
1439 1860 1573 1906 cingulo
1602 1858 1739 1894 militari

287 1908 449 1953 (pretioso
474 1906 590 1952 utique
613 1911 647 1941 et
669 1908 866 1953 conspicuo)
890 1909 1045 1943 donatum
1071 1909 1224 1953 suggerit
1245 1908 1388 1942 Nicetas
1406 1907 1440 1942 in
1462 1906 1579 1941 Alexio
1594 1906 1739 1940 Manne-

285 1954 328 1988 lis
351 1954 403 1988 F:
426 1951 489 1987 καὶ
510 1949 579 1996 τὴν
601 1953 666 1997 τῆς
689 1948 939 1998 ἑταιραρχείας
966 1952 1083 1998 ζώνην
1105 1953 1211 1998 ἔχειν.

344 2049 355 2053 ,
378 2020 426 2054 ib.
450 2031 485 2054 v.
508 2020 543 2055 9.
567 2016 856 2064 χρυσοηὲρανον]
878 2019 971 2053 aurei
993 2019 1173 2065 glauciquc
1192 2018 1312 2054 coloris
1335 2017 1574 2054 intermixtum.

398 2079 447 2116 ib.
467 2090 500 2115 v.
524 2080 585 2118 17.
624 2078 837 2128 φακεωλίς,
859 2083 897 2115 et
918 2078 1014 2116 infra
1042 2092 1071 2116 c.
1102 2081 1127 2119 6
1159 2075 1405 2128 φακειόλιον,
1427 2078 1598 2116 scribitur
1627 2076 1739 2115 etiam

289 2129 504 2185 φακεόλιον
531 2137 569 2170 et
597 2130 814 2181 φακιόλιον.
872 2134 997 2170 Iunius
1035 2134 1173 2183 ubique
1209 2135 1321 2172 vertit
1349 2137 1491 2174 tiaram.
1527 2135 1566 2171 in
1592 2133 1740 2171 scholiis

288 2195 414 2229 tamen
440 2202 565 2227 verum
580 2189 748 2239 attigisse
771 2190 935 2239 videtur,
965 2203 1047 2227 cum
1065 2191 1117 2228 ait
1136 2204 1205 2228 esse
1227 2195 1363 2240 tegmen
1382 2193 1509 2242 capitis
1541 2192 1742 2241 speciosam,

286 2252 320 2285 et
340 2248 444 2298 quasi
459 2248 496 2284 in
501 2245 621 2296 fasces
636 2245 840 2296 complicato
859 2246 983 2293 linteo,
1015 2247 1117 2297 quali
1133 2248 1195 2284 Ιιοι·
1222 2250 1368 2298 tempore
1390 2246 1526 2286 Turcae
1543 2248 1601 2284 uti
1617 2245 1740 2285 solent.

285 2301 530 2341 Leunelavius
564 2301 603 2338 in
637 2301 895 2340 Onomastico:
935 2303 1072 2340 tulbant
1100 2307 1133 2340 et
1174 2303 1312 2354 tulpant
1338 2307 1371 2340 et
1405 2303 1580 2354 tulipaemt,
1614 2302 1742 2340 lineum

289 2362 417 2410 capitis
433 2358 645 2396 involucrum
667 2356 874 2406 Tunicam,
904 2359 996 2409 quod
1014 2360 1143 2397 Graeci
1163 2362 1363 2397 recentiores
1391 2356 1604 2409 φακιόλιον
1624 2358 1744 2396 dixere

289 2416 400 2454 vetuti
421 2414 612 2465 fasciolam
644 2417 708 2452 aut
733 2414 905 2465 fasciam.
935 2417 1103 2463 originem
1131 2416 1271 2453 videtur
1295 2416 1417 2454 habere
1443 2417 1487 2454 ab
1508 2414 1640 2452 Italica
1664 2425 1746 2451 voce

282 2471 464 2523 succido,
488 2473 588 2509 cuius
615 2474 648 2508 et
668 2470 873 2508 diminutivo
896 2469 1083 2519 facioletto
1114 2474 1270 2517 utimum
1299 2485 1388 2522 quae
1417 2475 1499 2509 sunt
1526 2483 1569 2508 ex
1585 2468 1746 2521 fasciola

284 2529 403 2579 facta.
432 2527 522 2564 haec
540 2525 610 2563 ille.
667 2526 794 2563 Iunius
809 2526 918 2563 etiam
943 2526 989 2563 ab
1010 2526 1146 2564 Italicis
1163 2528 1308 2578 fazzolo
1326 2531 1365 2564 et
1385 2526 1566 2578 sazzoleto
1585 2524 1745 2562 deducit.

290 2584 417 2620 forsan
437 2584 507 2620 erit
528 2583 590 2631 qui
614 2586 760 2632 repetat
778 2582 955 2632 originem
976 2596 999 2620 a
1020 2582 1239 2621 Germanico
1258 2583 1470 2634 fatzinette,
1498 2594 1567 2632 pro
1593 2580 1746 2618 sudario

290 2652 356 2676 seu
375 2639 590 2689 strophiolo.
621 2639 723 2687 quod
741 2642 864 2676 autem
890 2639 1068 2676 Codinus
1085 2640 1177 2677 dicit
1199 2640 1414 2690 phaceolium
1437 2653 1460 2677 a
1483 2636 1605 2675 Medis
1643 2648 1748 2673 acce-

293 2699 399 2746 ptum
417 2708 517 2744 esse,
538 2695 576 2732 id
597 2696 643 2731 de
668 2708 720 2744 re,
744 2707 819 2732 non
835 2695 882 2732 de
902 2696 1048 2731 nomine
1071 2695 1224 2745 intelligi
1249 2696 1371 2733 debet.
1400 2707 1524 2746 porro,
1551 2697 1594 2730 ut
1614 2695 1654 2729 et
1677 2691 1749 2729 hoc

299 2751 418 2788 obiter
448 2755 639 2800 notemus,
671 2755 861 2801 gestamen
895 2750 985 2787 illud
1020 2751 1239 2802 Turcicum‚
1269 2752 1370 2801 quod
1408 2749 1583 2788 Germani
1613 2750 1750 2786 vocant

300 2807 463 2857 turbant,
491 2808 713 2846 descendere
734 2808 879 2846 videtur
905 2819 950 2846 ex
977 2808 1139 2859 tegmine
1166 2808 1230 2847 illo
1252 2807 1383 2860 capitis
1406 2806 1507 2857 quod
1532 2804 1664 2844 Graeci
1681 2815 1751 2854 ap·
