1832 3178
331 202 407 245 DE
440 201 674 245 OFFICIIS
709 201 787 245 CP.
821 201 934 244 CAP.
967 199 1094 242 XXI.
1127 200 1278 244 XXII.
1436 199 1530 245 107

83 317 170 374 ἤτοι
187 317 303 374 μέχρι
325 316 391 359 καὶ
411 319 491 359 τῶν
512 316 802 369 νενομισμένων
824 313 1012 368 έννάδων,
1033 315 1099 357 καὶ
1117 313 1218 370 μετὰ
1237 319 1355 358 τοῦτο
1376 312 1532 371 ἔρχεται

83 385 223 435 νυκτὸς
238 386 304 427 καὶ
323 377 541 440 πρῧσκυνεΐ
555 383 626 425 τὸν
644 384 815 436 βασιλέα
832 387 1139 438 μελανειμονῶν,
1180 385 1248 426 καὶ
1270 382 1402 426 ἔκτοτε
1421 381 1533 431 ἐκτὸς
1554 387 1582 421 P
1608 385 1674 422 144

82 454 158 508 μὲν
177 453 432 508 ἐνδεδυμένος
460 453 540 494 ἐστὶ
567 451 743 506 μέλανα,
785 450 855 493 τόν
881 452 926 493 δὲ
950 451 1119 506 βασιλέα
1150 455 1385 508 προσκυνῶν
1415 457 1538 508 φορεῖ

84 518 254 579 ἦεράνεα
267 535 279 546 ·
327 520 420 563 οὐδὲ
448 520 526 578 γὰρ
558 519 812 575 ἐνδεδομένων
845 520 926 563 ε’στὶ
959 523 1253 575 μελανειμονεῖν
1284 521 1326 563 ἐν
1360 523 1418 578 τῷ
1451 535 1532 562 πα-

52 591 220 649 5λατίῳ.

470 681 1001 748 Κεφάλαιον
1067 681 1150 747 κβ.
1558 700 1588 735 Β

515 762 608 808 Περὶ
621 758 879 821 atagos-ipone
892 761 1100 807 δεσποίνης.

220 835 318 892 Χρὴ
344 836 411 878 καὶ
431 841 549 880 τοῦτο
575 836 792 893 γινώσκειν,
827 835 887 878 ὅτι
908 837 1118 890 δεσποίνης
1137 833 1300 892 νύμφης
1324 833 1538 890 ἐρχομένης

86 902 242 955 ἔξωθεν
269 903 295 958 ἢ
324 904 392 946 διὰ
421 908 546 961 ξηρᾶς
571 905 596 959 ἢ
619 906 686 947 διὰ
708 903 943 959 θαλάσσης,
976 903 1078 946 κατὰ
1098 903 1171 958 τὴν
1188 901 1342 959 ἡμέραν
1363 902 1466 944 καθ’
1487 901 1539 956 ’ἢν

36 985 80 1021 10
89 973 223 1027 μέλλει
247 973 512 1027 ἀποσωθῆναι
547 975 602 1023 εἷς
627 973 700 1028 τὴν
730 971 845 1014 πόλιν
863 973 1111 1028 ἐγνωσμένην
1132 966 1258 1014 οὖσαν
1278 973 1540 1028 προσυπαντξὶ

87 1039 238 1095 ταύτην
254 1037 275 1082 ὅ
292 1041 481 1094 βασιλεὺς
499 1043 564 1083 καὶ
588 1041 688 1097 ἀνὴρ
707 1041 831 1096 αὐτῆς
849 1038 871 1083 ὅ
889 1039 1112 1097 νεόνυμφος
1129 1040 1232 1094 μετὰ
1251 1045 1325 1081 τοῦ
1338 1039 1539 1093 βασιλέως

88 1110 157 1151 καὶ
178 1108 329 1164 πατρὸς
350 1109 474 1152 αῧτοῦ
484 1140 499 1161 ,
533 1112 568 1152 εἴ
589 1111 805 1168 περίεστιν
842 1111 876 1151 εἲ
898 1109 940 1150 δ’
965 1104 1048 1160 οὖν,
1074 1108 1196 1158 αὐτὸς
1212 1106 1346 1161 μόνος.
1383 1134 1386 1138 .
1414 1108 1482 1149 καὶ
1501 1107 1536 1148 εἷ
1558 1111 1589 1144 C

88 1177 166 1235 μὲν
182 1177 250 1218 διὰ
272 1181 397 1231 ξηρᾶς
414 1177 570 1234 ἔρχεται
580 1209 594 1230 ,
638 1176 810 1229 πεζεύειν
832 1176 958 1231 αὐτὴν
979 1177 1153 1220 εἴθισται
1179 1177 1269 1232 περὶ
1290 1175 1365 1229 τὴν
1381 1173 1540 1230 Πηγήν,

91 1245 128 1287 εἰ
154 1245 199 1286 δὲ
224 1244 326 1299 μετὰ
353 1250 540 1301 τριηρῶν,
582 1248 750 1300 πλησίον
773 1249 848 1287 τοῦ
871 1249 971 1287 ναοῦ
998 1249 1079 1287 τῶν
1101 1247 1343 1299 Βλαχερνῶν
1373 1242 1452 1293 ἔξω
1470 1246 1546 1296 τῆς

39 1324 82 1360 15
93 1310 269 1364 πόλεως,
302 1310 404 1354 ὅπου
432 1312 482 1355 ἂν
509 1311 621 1368 τύχοι
651 1312 749 1356 εἶναι
780 1311 1012 1366 ἐπιτήδειον.
1078 1309 1545 1368 προκαταλαμβάνουσαι

90 1382 223 1423 τοίνυν
241 1380 315 1435 τὴν
332 1382 567 1438 καταγωγὴν
592 1381 618 1436 ἢ
646 1384 825 1425 ἐνταῦθα
853 1380 882 1435 ἢ
910 1382 992 1423 ἐκεῖ
1011 1381 1053 1423 αἱ
1071 1385 1153 1423 τῶν
1177 1381 1457 1433 ἀξιωματικῶν
1477 1380 1545 1420 καὶ

92 1451 364 1504 συγκλητικῶν
391 1452 459 1492 καὶ
484 1454 565 1493 τῶν
595 1454 743 1492 λοιπῶν
772 1448 977 1505 ἀρχόντων
993 1455 1176 1505 γυναῖκες
1194 1449 1236 1490 αἲ
1257 1449 1460 1503 κρείττους
1479 1448 1547 1487 καὶ

93 1516 359 1573 εὖγενέστεραι
376 1516 638 1573 ὑποδέχονται
659 1518 732 1573 τὴν
752 1519 964 1560 δέσποιναν
982 1519 1047 1559 καὶ
1068 1514 1293 1572 νεόνυμφον
1314 1516 1544 1569 ἐρχομένην,
1567 1525 1599 1558 Ι)

95 1583 462 1642 φιλοφρονούμεναι
490 1590 708 1638 βασιλικῶς
729 1584 856 1638 αὐτὴν
871 1586 938 1625 καὶ
958 1581 1284 1639 θεραπεύουσαι,
1317 1599 1551 1638 προσυπαν-

40 1650 256 1697 Ξθτῶντων
272 1653 338 1694 καὶ
355 1658 436 1694 τῶν
452 1653 663 1705 βασιλέων,
698 1651 725 1707 ἢ
748 1653 813 1694 καὶ
833 1652 1073 1708 ἀμφοτέρων
1093 1650 1119 1706 ἢ
1142 1655 1215 1693 τοῦ
1232 1649 1460 1705 νεονύμφου
1480 1652 1549 1692 καὶ

96 1717 238 1774 μόνου,
278 1717 328 1760 ἂν
345 1720 402 1776 μὴ
423 1722 490 1762 καὶ
510 1720 641 1777 πατὴρ
660 1715 686 1777 ᾗ
697 1751 711 1771 ,
746 1718 934 1777 καθάπερ
956 1718 1123 1777 εἴρηται.
1192 1720 1227 1761 εἲ
1255 1719 1328 1772 μὲν
1355 1713 1425 1761 οὖν
1446 1717 1548 1772 μετὰ

188 1817 234 1851 14
253 1812 436 1860 κατέργων
457 1814 485 1850 Α
622 1816 667 1851 16
687 1813 752 1859 αἱ]
774 1812 836 1849 καὶ
861 1814 892 1849 Ρ

95 1894 219 1930 diebus
241 1893 348 1928 luctui
369 1893 564 1937 destinatis,
588 1892 752 1927 videlicet
774 1904 884 1938 usque
906 1893 950 1928 ad
971 1904 1095 1927 nonum
1119 1891 1221 1935 diem,
1246 1903 1285 1926 se
1307 1891 1476 1926 continet.
1512 1895 1550 1926 et

95 1947 219 1987 postea
239 1944 344 1974 noctu
367 1940 480 1983 venit,
510 1939 719 1983 indutusque
746 1939 856 1983 nigris
885 1939 1040 1973 vestibus
1066 1938 1308 1984 imperatorem
1331 1938 1465 1972 adorat.
1512 1942 1549 1971 et

96 1989 140 2021 ab
164 1986 231 2020 hoc
252 1991 408 2031 tempore
431 1991 528 2019 extra
550 1985 714 2030 palatium
737 1985 892 2019 induitur
912 1984 1129 2019 vestimentis
1149 1983 1272 2027 nigris,
1296 1994 1372 2017 cum
1395 1994 1480 2017 vero
1503 1983 1549 2017 ad

96 2032 336 2078 imperatorem
361 2031 592 2064 venerandum
615 2030 793 2076 procedit,
827 2037 945 2077 portat
976 2029 1110 2066 caesia:
1142 2041 1256 2075 neque
1288 2030 1380 2064 euim
1407 2029 1463 2064 sas
1495 2034 1550 2062 est

98 2077 218 2123 nigras
240 2081 355 2112 vestes
374 2077 411 2110 in
433 2076 563 2122 palatio
583 2076 693 2111 ferre.

645 2167 872 2222 Caput
935 2170 1002 2210 22.

483 2233 536 2267 De
563 2235 689 2278 sutura
722 2245 846 2278 sponsa
876 2237 910 2268 et
940 2232 1170 2278 imperatrice.

193 2300 346 2345 Oportet
366 2303 403 2334 et
424 2299 491 2334 hoc
511 2301 616 2335 scire.
662 2301 800 2335 domina
830 2312 958 2345 sponsa
979 2312 1129 2346 peregre
1153 2299 1361 2335 adveniente
1382 2299 1438 2333 vel
1462 2303 1558 2332 terra

103 2345 161 2381 vel
184 2345 292 2389 mari,
323 2345 385 2379 ubi
415 2346 489 2379 dies
516 2345 575 2380 ille
607 2358 676 2390 quo
708 2346 895 2392 appulsura
928 2352 964 2380 et
993 2348 1113 2381 urbem
1135 2347 1295 2390 ingressa
1317 2351 1370 2378 est
1394 2344 1556 2386 innotuit,

104 2391 255 2426 occurrit
278 2391 313 2424 ei
330 2391 518 2435 imperator
537 2392 679 2426 maritus
703 2393 789 2433 eius,
814 2403 923 2425 novus
944 2403 1102 2437 sponsus,
1129 2404 1204 2426 cum
1224 2392 1435 2436 imperatore
1456 2395 1558 2434 patre

104 2449 181 2480 su0‚
204 2436 236 2471 si
257 2435 304 2469 sit
322 2442 516 2480 superstes:
539 2437 594 2470 sin
617 2438 748 2481 minus,
771 2437 848 2481 ipse
871 2436 977 2471 solus.
1026 2444 1062 2471 et
1085 2437 1242 2482 quidem,
1278 2436 1308 2469 si
1331 2441 1425 2469 terra
1449 2435 1560 2467 adve-

106 2483 201 2524 niat,
235 2481 484 2515 consuetudine
506 2488 682 2526 receptum
708 2488 762 2516 est
784 2488 824 2517 ut
846 2482 998 2527 appellat
1020 2484 1063 2517 ad
1086 2483 1196 2516 locum
1220 2492 1320 2525 quem
1344 2480 1387 2513 ad
1410 2481 1560 2513 Fontem

106 2528 295 2562 nominant.
343 2526 396 2560 sin
420 2526 456 2560 in
478 2527 686 2572 triremibus,
720 2534 803 2563 tunc
828 2529 1007 2562 exscendit
1028 2540 1139 2573 prope
1162 2526 1324 2570 templum
1346 2525 1560 2558 Blacherna-

107 2584 183 2608 rum
215 2579 314 2606 extra
343 2571 538 2615 civitatem,
573 2573 633 2607 ubi
665 2574 875 2607 commodum
905 2574 1026 2607 fuerit.
1073 2575 1328 2618 praeoccupato
1351 2570 1460 2614 igitur
1483 2571 1561 2605 sive

106 2618 165 2652 bic
188 2617 265 2652 sive
288 2616 358 2651 illic
379 2617 586 2660 diversorio,
610 2629 726 2652 eorum
748 2619 808 2663 qui
831 2619 868 2652 in
890 2629 1051 2663 suprema
1073 2618 1242 2661 dignitate
1265 2621 1364 2658 sunt,
1400 2622 1436 2649 et
1456 2628 1560 2650 sena-

107 2669 220 2698 torum
244 2668 281 2697 et
299 2662 509 2706 reliquorum
534 2663 726 2708 principum
748 2675 873 2698 uxores
898 2663 1168 2707 praestantiores
1192 2666 1226 2694 et
1249 2659 1438 2695 nobiliores
1460 2662 1556 2696 exci-

108 2708 209 2754 piunt
227 2709 396 2742 dominam
420 2713 455 2742 et
478 2719 598 2742 novam
621 2720 798 2753 sponsam,
833 2710 930 2753 regie
961 2708 1052 2741 illam
1076 2713 1112 2741 et
1135 2706 1225 2740 omni
1249 2706 1469 2740 humanitatis
1492 2719 1556 2751 ge-

108 2765 193 2787 nere
218 2760 467 2799 prosequentes
491 2760 595 2797 atque
618 2753 836 2798 honorantes,
861 2752 1124 2788 occurrentibus
1149 2751 1252 2785 etiam
1276 2751 1557 2796 imperatoribus,

108 2798 164 2832 vel
186 2803 332 2844 utroque
354 2798 411 2831 vel
434 2810 524 2832 novo
547 2810 674 2842 sponso
698 2798 789 2842 solo,
813 2799 844 2833 si
867 2805 968 2844 pater
990 2809 1059 2831 non
1082 2801 1253 2842 superest,
1276 2803 1380 2841 prout
1401 2798 1555 2842 explica·

109 2849 179 2878 tum
202 2850 269 2879 est.
316 2843 347 2878 si
368 2855 451 2888 ergo
476 2843 512 2878 iu
535 2844 667 2879 triremi
690 2844 826 2890 veniat,
860 2845 985 2881 obvius
1010 2844 1051 2878 fit
1072 2842 1124 2877 illi
1147 2842 1242 2878 circa.
1263 2854 1376 2878 arcem
1399 2844 1444 2878 ad
1472 2855 1556 2889 por-
