1864 3164
317 181 416 226 400

362 287 478 324 datum
488 286 700 335 privilegium
713 285 929 334 praeferendi
939 286 1025 322 lam-

386 335 480 370 adem
503 336 582 370 278.

316 382 339 416 b
376 381 428 415 lae
450 391 574 415 aureae
597 379 723 414 incisae
753 380 887 423 sceptro
910 376 1022 422 magni

360 426 658 471 stratopedarchae
684 425 750 465 19,
774 425 808 459 9.
829 423 937 458 bullas
960 434 1022 458 au-

359 483 436 509 reas
459 473 561 506 habet
582 472 750 515 sceptrum
782 469 894 512 magni
926 468 1022 504 ducis

360 520 429 563 18,
470 520 524 554 18.
554 519 733 560 argenteas
767 514 1023 558 protostratoris

362 566 429 606 19,
463 567 495 599 1.
527 562 637 596 bullae
666 559 859 608 pontificum
887 560 1020 605 literae,

360 609 471 653 sigilla
495 608 669 641 literarum
699 606 747 640 sic
773 605 880 648 dicta,
909 606 1022 640 bullae

357 665 494 695 aureae,
506 663 636 697 cereae,
653 652 826 698 plumbeae
835 652 913 688 256.
929 651 1022 686 bulla

356 699 512 746 plumbea
533 698 644 733 utitur
664 698 743 743 imp.
774 697 808 731 in
840 697 948 732 literis
976 696 1020 731 ad

357 744 572 790 patriarchas
610 747 646 778 et
684 754 843 788 proceres
881 743 946 785 34,
960 744 1018 778 ι-9,

356 791 470 825 bullae
508 801 556 825 ss.
601 800 702 824 cruce
746 789 902 823 firmatae
939 789 1019 824 256.

357 836 451 870 bulla
480 834 588 869 literis
632 837 865 870 contractuum
905 834 1022 869 addita

359 886 395 916 et
417 881 545 915 bullare
567 881 650 915 ibid.
679 880 770 914 bulla
798 879 902 914 habet
930 881 1019 924 figu-

358 938 430 962 ram
453 926 574 971 cordis,
597 925 710 972 pueris
730 936 882 972 appensa
903 931 1022 960 contra

360 972 615 1007 fascinationem
637 972 722 1006 ibid.

315 1018 526 1053 bulioterium
549 1018 630 1053 256.
651 1016 744 1052 aliud
771 1016 881 1051 instar
910 1015 1019 1050 ratio-

359 1063 445 1098 nalis
479 1063 623 1097 dabatur
662 1062 844 1096 ordinando
885 1063 1019 1096 charto-

359 1108 494 1154 phylaci
516 1108 728 1143 bulloterium
754 1109 830 1144 127.

313 1154 434 1198 butta,
460 1165 546 1200 cupa
569 1165 628 1188 seu
656 1154 788 1198 cupella
808 1153 843 1187 in
865 1155 1019 1188 matzuca

356 1200 619 1245 protalogatoris
644 1197 721 1235 245.
747 1199 870 1232 dicitur
892 1209 914 1232 a
932 1199 1018 1245 βου-

354 1245 458 1288 τίον,
493 1242 672 1291 βουτέον,
710 1241 904 1323 (potitum).
936 1245 1018 1278 item

355 1301 417 1326 vas
440 1290 603 1324 vinarium
626 1301 685 1324 seu
734 1289 917 1323 orsuarium
932 1290 1017 1324 ibid.

310 1334 511 1379 Byzantium
547 1335 625 1370 olim
655 1339 730 1369 erat
761 1336 823 1368 sub
859 1335 1017 1380 episcopo

353 1381 543 1416 Heracleae
559 1380 646 1422 104,
667 1382 722 1416 18.
738 1380 936 1424 Byzantium
955 1391 1016 1413 no—

355 1427 451 1461 minis
465 1426 516 1460 sui
535 1426 706 1460 civitatem
722 1425 908 1470 ampliando
925 1427 1018 1459 Con-

354 1472 520 1506 stantinus
561 1470 774 1514 aedificavit,
816 1471 955 1505 Romam
988 1481 1017 1504 s.

356 1519 536 1561 Sylvestro
560 1516 698 1550 tradidit
719 1517 800 1551 262.

310 1563 509 1597 cabbadium
531 1562 778 1602 indumentum,
802 1559 892 1606 quod
916 1571 1018 1605 super

355 1609 467 1644 omnia
491 1608 555 1642 alia
578 1608 724 1641 induitur
746 1607 813 1650 23,
839 1610 870 1642 1.
895 1606 947 1641 12.
965 1606 1018 1640 15.

353 1657 411 1690 22.
443 1655 493 1688 al.
520 1653 684 1688 cabbadia.
717 1654 831 1686 ferunt
861 1655 899 1684 ut
925 1651 1019 1685 lubet

353 1710 515 1746 proceres
538 1711 558 1732 a
582 1710 699 1742 magno
714 1697 895 1731 domestico
912 1707 1018 1741 usque

355 1745 399 1780 ad
422 1756 577 1789 magnum
601 1744 814 1788 drungarium
827 1742 1018 1786 vigiliarum

353 1794 419 1835 22,
443 1793 478 1828 5.
503 1790 700 1824 cabbadium
729 1788 939 1835 imperatoris
961 1788 1018 1830 50,

355 1839 412 1872 21.
439 1836 602 1880 despotae
624 1836 763 1869 rubrum
793 1838 830 1868 et
854 1833 1018 1877 margari-

354 1883 400 1916 tis
425 1887 616 1916 contextum
641 1881 701 1923 14,
727 1881 781 1917 17.
801 1878 927 1925 accipit
943 1889 1018 1913 cum

354 1928 499 1972 despota
525 1930 662 1960 creatur
697 1929 784 1969 100,
815 1925 851 1960 4.
890 1923 1017 1958 eabba-

355 1973 447 2006 dium
470 1972 612 2016 duplicis
634 1971 756 2005 coloris
779 1981 851 2004 cum
872 1970 1017 2014 margel-

353 2018 396 2052 lis
420 2017 531 2060 magni
554 2017 726 2052 domestici
755 2017 818 2057 17,
841 2017 895 2052 21.
920 2016 1015 2049 Ioan.

354 2062 586 2102 ,cantacuzeni
620 2066 656 2095 et
695 2066 852 2106 nepotum
885 2059 1017 2094 Andro-

355 2108 422 2142 nici
447 2110 511 2150 18,
535 2109 569 2141 2.
602 2108 636 2141 4.
669 2116 873 2151 purpureum
904 2104 1015 2147 magni

352 2153 446 2188 ducis
480 2154 545 2194 18,
581 2154 634 2187 16.
670 2152 863 2195 logothetae
894 2149 1015 2183 aerarii

353 2197 520 2243 generalis
543 2198 606 2240 20,
635 2198 686 2231 16.
710 2195 819 2239 magni
836 2194 1015 2239 primicerii

356 2246 397 2280 19
411 2269 422 2286 ,
447 2246 500 2279 11.
529 2241 784 2288 protostratoris
805 2242 867 2283 18,
891 2241 947 2274 22.

309 2290 440 2324 Caesar
470 2288 592 2333 primus
625 2290 700 2320 erat
733 2287 775 2319 ab
804 2285 884 2329 imp.
909 2287 954 2329 7,
978 2286 1011 2320 3.

356 2336 432 2371 176.
465 2333 497 2367 ei
526 2332 740 2378 praepositus
763 2332 1013 2364 sebastocrator

352 2381 477 2426 primus
506 2378 656 2413 Isaacius
682 2377 871 2412 comnenus
904 2378 946 2418 7,
981 2377 1012 2413 6.

353 2430 434 2471 post
465 2426 592 2459 Caesar
624 2428 788 2467 aequatur
818 2421 1011 2467 panhyper-

355 2473 488 2505 sebasto
523 2470 564 2504 ab
598 2469 714 2503 Alexio
749 2468 865 2502 Comn.
899 2470 942 2508 8,
974 2468 1011 2503 2.

355 2517 534 2551 Caesarem
557 2513 747 2560 appellandi
770 2511 932 2547 formulae
957 2513 1009 2555 16,

352 2564 387 2597 9.
430 2562 607 2595 Caesarem
648 2564 684 2593 et
714 2560 1011 2593 sebastocratorem

355 2607 490 2641 creandi
516 2606 603 2640 ritus
625 2604 739 2639 similis
756 2604 919 2649 despotae
937 2605 1013 2643 101,

354 2655 391 2687 6.
408 2653 594 2696 gestamina
610 2651 729 2696 capitis
750 2649 888 2693 antiqua
905 2647 1015 2681 nesci-

353 2703 455 2730 untur
478 2699 525 2735 ib.
551 2699 584 2731 7.
613 2696 685 2730 eius
707 2696 850 2729 vestitus
874 2695 932 2737 15,
959 2694 1013 2727 19.

357 2742 502 2785 Caesar,
538 2742 680 2787 despota
710 2746 745 2775 et
767 2741 1016 2775 sebastocrator

355 2792 481 2821 tantum
504 2787 703 2833 principalia
734 2787 860 2820 obeunt
889 2785 957 2828 28,
980 2785 1016 2818 6.

355 2833 528 2869 scaranica
547 2843 664 2868 eorum
683 2833 800 2878 ignota
819 2830 937 2866 diebus
962 2829 1014 2864 fe-

908 180 1183 224 GRETSERI

1113 286 1176 322 stis
1207 286 1271 331 14,
1299 285 1356 324 20.
1389 286 1633 332 polychronion
1655 286 1771 322 dicunt

1111 333 1194 378 imp.
1215 336 1355 366 coenato
1374 331 1409 367 in
1438 332 1531 377 vigil.
1555 332 1687 370 nativit.
1710 334 1769 377 58,

1110 381 1171 415 20.
1195 389 1262 412 non
1282 378 1448 413 intersunt
1468 378 1689 423 designationi
1707 387 1771 424 pa-

1111 424 1278 458 triarchae
1301 425 1390 468 103,
1420 426 1456 460 9.
1480 424 1638 459 Caesaris
1740 423 1750 432 '

1110 473 1166 504 tas
1188 481 1231 503 ex
1252 468 1507 513 inauguratione
1530 471 1604 507 173.

1065 514 1170 551 calcei
1201 514 1409 560 imperatorii
1436 514 1571 559 tzangia
1600 514 1682 549 dicti
1707 515 1769 556 31,

1113 563 1168 598 10.
1197 560 1342 606 aquilis,
1371 560 1493 606 lapillis
1523 565 1558 594 et
1578 560 1769 604 margaritis

1109 605 1258 650 insignes
1278 605 1324 642 ib.
1348 609 1402 642 11.
1418 616 1532 640 eorum
1548 616 1628 639 usus
1641 606 1676 639 in
1690 616 1770 651 pro-

1111 651 1317 687 cessionibus
1339 654 1375 685 et
1405 650 1701 697 supplicationibus
1719 651 1767 685 ib.

1111 699 1167 734 12.
1201 697 1295 732 rubri
1322 697 1455 732 futurae
1482 696 1686 743 imperatrici
1717 695 1769 730 in-

1108 744 1257 779 duuntur
1283 745 1366 787 108,
1393 745 1427 779 5.
1457 741 1618 797 despotae
1638 741 1771 776 bicolo-

1109 799 1165 824 res
1186 800 1260 823 cum
1292 787 1413 834 aquilis
1439 798 1536 834 quasi
1565 787 1608 822 de
1637 786 1769 821 musivo

1109 845 1213 880 opere
1236 835 1299 879 13,
1326 835 1381 870 12.
1405 835 1461 871 13.
1486 834 1567 870 225.
1590 832 1696 867 calcei
1718 832 1770 866 ci-

1109 880 1189 915 trini
1221 879 1519 925 pauhypersebasti
1542 880 1608 924 18,
1631 879 1666 914 6.
1689 887 1769 924 pra·

1111 925 1175 960 sini
1191 925 1440 972 protovestiarii
1459 926 1507 961 ib.
1524 927 1581 961 10.
1600 923 1687 958 aetii
1707 933 1767 958 co-

1109 971 1191 1006 loris
1211 970 1487 1005 sebastocratoris
1512 972 1576 1014 15,
1601 970 1656 1005 10.

1064 1017 1175 1061 caliga
1190 1028 1254 1062 pro
1269 1016 1384 1051 calceo
1400 1015 1532 1050 militari
1541 1018 1675 1061 sumpta
1687 1013 1769 1051 225.

1109 1070 1144 1097 et
1166 1074 1228 1107 pro
1251 1061 1382 1096 braccis
1403 1062 1487 1096 ibid.

1064 1107 1297 1142 camisatorum
1318 1106 1534 1141 ministerium
1560 1103 1770 1140 ecclesiasti-

1109 1165 1183 1187 cum
1207 1153 1299 1187 circa
1320 1153 1482 1188 carbones
1505 1156 1542 1186 et
1562 1151 1766 1187 calefacien-

1108 1199 1170 1233 dos
1191 1198 1320 1232 lebetes
1343 1200 1420 1235 162.

1064 1243 1200 1282 camisia
1223 1245 1337 1278 ferunt
1358 1244 1500 1278 lectores
1527 1242 1563 1277 in
1592 1241 1690 1287 vigil.
1709 1241 1767 1285 44,

1107 1292 1138 1325 9.
1172 1301 1214 1323 ea
1246 1294 1323 1323 sunt
1359 1293 1474 1324 vestes
1503 1288 1769 1334 superpelliceae

1107 1335 1409 1369 ecclesiasticorum
1449 1335 1528 1370 163.
1558 1333 1701 1367 camisiis
1732 1338 1768 1366 et

1107 1379 1350 1425 epirrhiptariis
1386 1379 1494 1413 induti
1533 1382 1690 1412 cantores
1722 1377 1768 1412 ad

1106 1437 1252 1460 mensam
1278 1425 1358 1471 imp.
1381 1427 1507 1460 canunt
1528 1423 1563 1458 iu
1585 1423 1767 1460 nativitate

1107 1473 1175 1513 60,
1198 1472 1232 1505 9.

1061 1513 1576 1605 zg'dsscaigiedigdffiobtigcdgg.
1586 1559 1693 1606 palat.
1712 1561 1767 1603 12,

1110 1610 1163 1643 19.
1187 1607 1365 1641 canacleus
1385 1617 1494 1652 neque
1527 1611 1603 1640 erat
1631 1606 1766 1640 cancel-

1107 1652 1210 1686 larius
1226 1664 1334 1696 neque
1348 1652 1571 1692 camerarius,
1595 1652 1657 1685 sed
1674 1656 1767 1685 utro·

1108 1708 1175 1741 que
1197 1697 1372 1742 augustior
1394 1699 1472 1734 206.
1505 1698 1578 1732 eius
1598 1702 1766 1742 sceptrum

1106 1743 1230 1787 lignum
1273 1743 1475 1787 laevigatum
1521 1744 1582 1786 13,
1618 1744 1654 1777 2.
1699 1753 1766 1776 non

1106 1793 1295 1843 comparet·
1315 1789 1351 1823 in
1378 1788 1558 1834 comitatu,
1591 1798 1703 1832 neque
1731 1787 1766 1821 in

1060 1834 1716 1924 0.333⁸&{sszsszfffflsgtssssafflz
1729 1879 1767 1913 00

1106 1926 1340 1959 monasterium
1362 1927 1441 1960 206.

1060 1970 1250 2005 cancellarii
1272 1976 1308 2005 et
1330 1971 1447 2004 velarii
1472 1969 1554 2004 dicti
1578 1968 1654 2005 134.
1678 1979 1764 2003 can-

1104 2016 1256 2050 cellarios
1287 2016 1462 2050 duodecim
1495 2015 1659 2060 permittit
1686 2015 1763 2050 He-

1103 2061 1228 2094 raclius
1253 2063 1329 2096 112.

1059 2105 1198 2139 cancelli
1228 2110 1263 2139 et
1292 2105 1369 2139 vela
1400 2104 1617 2141 secludebant
1653 2104 1763 2150 magi-

1103 2154 1227 2184 stratus
1253 2151 1330 2187 134.

1058 2196 1255 2230 canstrisius
1291 2196 1399 2229 dictus
1443 2207 1465 2230 a
1498 2195 1643 2230 canistro
1683 2196 1761 2232 135.

1103 2241 1174 2275 eius
1215 2241 1361 2275 officium
1399 2241 1611 2286 patriarchae
1649 2246 1763 2275 vestes

1103 2287 1244 2321 mutanti
1266 2287 1393 2321 servire
1426 2287 1503 2323 136.
1527 2286 1696 2321 canstrion
1733 2297 1762 2321 s.

1103 2333 1297 2375 canistrion,
1313 2332 1452 2367 amictus
1466 2332 1554 2367 sacri
1568 2331 1762 2367 vestiarium

1103 2379 1185 2412 ibid.

1057 2435 1164 2457 canon
1202 2434 1339 2467 magnus
1377 2434 1407 2459 s.
1443 2422 1591 2458 officium
1626 2421 1762 2456 canonis

1102 2469 1213 2512 magni
1259 2469 1300 2502 ad
1345 2468 1445 2502 finem
1486 2468 1762 2512 quadragesimae

1100 2514 1222 2548 lectum
1244 2515 1323 2550 320.
1355 2515 1428 2548 eius
1452 2513 1607 2554 materia,
1630 2517 1762 2555 auctor,

1103 2563 1233 2604 tempus
1255 2560 1340 2594 ibid.
1364 2570 1465 2594 causa
1490 2559 1760 2593 nomenclaturae

1102 2605 1183 2640 321.
1207 2604 1280 2639 eius
1309 2605 1426 2650 vigilia
1456 2604 1491 2638 in
1522 2603 1646 2649 palatio
1669 2603 1761 2636 cele-

1101 2650 1203 2684 brata
1224 2652 1288 2693 72,
1322 2652 1356 2685 2.
1391 2652 1469 2686 320.
1498 2661 1624 2683 canone
1655 2648 1760 2683 Trul-

1103 2695 1180 2728 lano
1203 2706 1359 2739 egressus
1382 2707 1424 2730 ex
1444 2694 1650 2730 monasteriis
1671 2693 1760 2728 veti-

1103 2744 1159 2774 tus
1181 2741 1365 2785 virginibus
1390 2740 1465 2776 124.

1059 2787 1288 2820 canonarchae
1310 2787 1344 2820 in
1366 2786 1458 2830 vigil.
1482 2783 1615 2819 nativit.
1638 2783 1674 2818 in
1695 2794 1759 2828 pa-

1103 2831 1184 2867 latio
1206 2832 1412 2878 suspendunt
1434 2829 1558 2866 Christi
1579 2829 1650 2865 nati
1673 2829 1760 2864 ima-

1659 424 1771 469 digm-
