1832 3178
127 414 290 471 ToY
346 411 858 471 ΣΟΦΩΤΑΤΟῩ
912 410 1632 471 ΚΟῩΡΟΠΑΛΑΤΟῩΡ
1655 439 1674 472 1

395 510 568 550 ΠΕΡΙ
610 507 758 551 ΤΩΝ
798 507 1312 551 ΟΦΦΙΚΙΑΛΙΩΝ

188 588 322 633 Tor
369 585 695 632 ΠΑΛΑΤΙΟΥ
740 584 1531 630 ΚΩΝΣΤΑΝΤΙΝΟΥΠΟΛΕΩΣ

125 667 233 705 ΚΑΙ
272 666 398 705 ΤΩΝ
429 665 729 704 ΟΦΦΙΚΙΩΝ
761 662 880 702 ΤΗΣ
918 664 1202 702 ΜΕΓΑΛΗΣ
1236 666 1584 705 ΕΚΚΑΗΣΙΛΣ.

317 730 405 764 ΚΑΙ
437 729 658 764 ΠΡΩΤΟΝ
690 728 813 762 ΠΕΡΙ
851 726 963 760 ΤΩΝ
999 726 1254 762 ΟΦΦΙΚΙΩΝ
1289 729 1396 763 ΤΗΣ

562 774 812 809 ΜΕΓΑΛΗΣ
841 773 1145 809 ΕΚΚΑΗΣΙΑΣ.

126 864 824 924 SAPIENTISSIMI
893 860 1585 922 CUROPALATAE

509 955 596 997 DE
654 952 1200 997 OFFICIALIBUS

180 1022 499 1072 PALATII
554 1020 1529 1071 CONSTANTINOPOLITANI

358 1104 432 1140 ET
460 1104 531 1140 DE
561 1102 777 1140 OFfflcnS
806 1101 1028 1138 MAGNAE
1057 1101 1361 1151 EchssslAE,

271 1167 347 1204 ET
370 1167 565 1203 PRIMUM
588 1168 653 1202 DE
680 1166 894 1201 OFFIOIIS
918 1165 1123 1200 MAGNAE
1147 1166 1436 1213 ECCLESIAE,

441 1223 625 1266 IACOBO
657 1221 918 1266 GRETSERO
947 1222 1270 1265 INTERPRETE.

350 1382 558 1432 INDEX
592 1382 900 1432 CAPITUM
932 1380 1140 1431 HUIUS
1175 1381 1370 1430 LIBRI.

218 1460 334 1506 Caput
372 1463 405 1496 1.
453 1463 638 1508 catalogus
678 1462 872 1506 officiorum
913 1465 947 1496 et
983 1460 1190 1505 officialium
1226 1471 1380 1504 magnae
1417 1459 1589 1495 ecclesiae.

126 1506 162 1540 2.
195 1507 334 1540 nomina
364 1508 570 1552 officialium
599 1509 743 1553 palatii.
835 1508 870 1543 3.
904 1508 947 1540 de
969 1506 1178 1551 tegumentis
1201 1507 1328 1550 capitis
1350 1517 1409 1539 seu
1430 1506 1531 1548 pileis
1555 1510 1590 1540 et

124 1552 334 1586 indumentis
354 1554 578 1598 officialium,
611 1566 653 1587 ac
673 1555 823 1598 primurn
847 1554 890 1587 de
909 1553 1002 1597 pileo
1027 1553 1201 1595 despotae.
1292 1552 1329 1585 4.
1357 1552 1399 1584 de
1420 1553 1589 1594 gestami—

125 1598 225 1630 nibus
247 1600 371 1642 magni
393 1600 570 1633 domestici
594 1605 629 1633 et
651 1601 861 1642 reliquorum
883 1598 1092 1641 principum.
1184 1596 1219 1630 5.
1252 1596 1446 1629 ministeria
1469 1597 1591 1630 unius-

127 1643 288 1686 cuiusque
311 1646 529 1686 officialium.
623 1645 657 1680 6.
676 1645 796 1687 feriae
819 1654 909 1687 quae
931 1643 969 1675 in
990 1643 1125 1686 palatio
1143 1641 1277 1684 seriari
1298 1643 1432 1680 solent‚·
1458 1646 1492 1675 et
1514 1642 1591 1685 pri-

126 1699 217 1722 mum
242 1688 284 1721 de
300 1691 392 1731 sesto
414 1689 613 1723 nativitatis
637 1689 778 1722 domini.
848 1689 884 1723 7.
909 1688 951 1721 de
970 1699 1087 1721 mensa
1103 1687 1332 1731 imperatoris.
1403 1687 1437 1720 8.
1455 1689 1591 1729 festum

126 1734 344 1777 epiphaniae.
434 1736 469 1769 9.
487 1737 623 1778 festum
646 1734 861 1769 adorationis
879 1734 918 1767 S.
936 1734 1057 1767 crucis.
1151 1734 1208 1768 10.
1225 1736 1356 1777 festum
1380 1732 1591 1775 palmarum.

128 1781 186 1814 11.
223 1779 265 1812 de
298 1779 398 1812 modo
433 1781 566 1824 agendi
598 1781 630 1814 si
660 1781 851 1825 imperator
882 1784 1039 1813 versetur
1071 1780 1110 1812 in
1143 1778 1252 1812 luctu.
1346 1779 1401 1812 12.
1436 1779 1592 1821 officium

125 1834 280 1868 magnae
301 1824 546 1859 hebdomadae.
639 1826 694 1860 13.
719 1827 826 1859 horae
847 1835 1002 1869 magnae
1024 1835 1229 1869 parasceves
1250 1827 1283 1858 et
1301 1824 1453 1868 officium
1467 1824 1594 1868 magni

126 1869 276 1904 sabbati.
368 1871 423 1906 14.
454 1871 666 1904 matutinum
688 1882 843 1914 magnae
866 1871 1056 1904 dominicae
1080 1870 1269 1913 paschalis.
1362 1870 1418 1904 15.
1444 1870 1487 1903 de
1509 1871 1592 1903 aliis

126 1915 270 1949 diversis
299 1915 428 1958 sestis,
470 1916 591 1959 quibus
628 1917 818 1960 imperator
852 1916 1036 1959 procedere
1073 1917 1179 1958 solet,
1218 1914 1248 1948 si
1290 1914 1389 1959 Cpoli
1426 1920 1590 1949 moretur.

127 1961 183 1995 16.
218 1961 261 1995 de
283 1961 409 2005 magni
430 1962 626 2006 domestici,
652 1961 779 2006 magni
800 1961 990 2005 drungarii
1011 1961 1240 2006 vigiliarum,
1266 1961 1439 2004 praefecti
1461 1962 1593 1994 exerci-

127 2010 184 2040 tus
207 2010 240 2040 et
261 2006 387 2051 magni
408 2007 652 2042 adnumiastae
673 2007 798 2051 officiis
821 2007 859 2039 in
875 2009 1021 2049 fossato.
1116 2007 1173 2041 17.
1210 2007 1253 2040 de
1285 2006 1505 2040 coronatione
1524 2006 1594 2039 irn-

125 2052 308 2096 peratoris.
402 2053 459 2087 18.
495 2053 537 2087 de
569 2054 743 2088 creatione
765 2054 936 2097 despotae.
1029 2053 1085 2087 19.
1121 2052 1163 2085 de
1185 2052 1358 2086 creatione
1380 2052 1593 2085 sebastem-a-

127 2097 214 2131 toris
251 2102 286 2132 et
326 2098 497 2133 Caesaris.
590 2099 649 2134 20.
687 2099 730 2133 de
766 2099 927 2133 electione
965 2101 1000 2132 et
1038 2098 1318 2142 inauguratione
1352 2098 1593 2141 patriarchae.

125 2143 186 2196 31.
211 2143 256 2177 de
278 2143 483 2188 lugubribus
505 2144 727 2190 imperatoris
749 2143 1013 2190 gestaminibus.
1116 2145 1175 2181 22.
1202 2144 1244 2178 de
1259 2146 1388 2188 futura
1409 2155 1535 2189 sponsa
1558 2146 1593 2178 et

124 2190 355 2234 amparatrice.

531 2266 1069 2334 Κεφάλαιον
1139 2265 1191 2315 α’.

138 2333 232 2404 Τὰ
254 2362 559 2418 ἓκκλησιαστικὰ
582 2365 755 2422 ὄφφίκια
777 2364 935 2419 ἔχουσιν
957 2364 1098 2413 οὕτως.
1613 2367 1643 2400 P
1667 2368 1691 2403 Ξ

258 2429 321 2471 ‘H
347 2431 484 2487 πρώτη
512 2432 667 2484 πεντάς.
716 2431 736 2476 ὅ
766 2435 893 2489 μέγας
919 2430 1128 2486 οἰκονόμος
1137 2462 1150 2481 ,
1185 2433 1346 2486 κρατῶν
1376 2426 1508 2470 πάντα
1537 2428 1588 2470 τὰ
1610 2435 1640 2470 C

130 2497 315 2553 κτήματα
343 2503 415 2552 τῆς
442 2501 650 2555 ἐκκλησίας
678 2503 745 2543 καὶ
778 2507 858 2544 πᾶν
885 2501 931 2544 τὸ
960 2498 1263 2552 ἒσοὸιαζόμενον
1283 2499 1325 2546 ἐξ
1347 2499 1492 2538 αὐτῶν.
1526 2499 1593 2538 καὶ

219 2582 244 2617 4
267 2580 561 2627 εἰσοδιαζόμενον
582 2584 647 2620 καὶ
670 2583 951 2630 ἐξοδιαζόμενον
976 2585 1007 2619 L
1032 2584 1081 2628 (i.
1102 2595 1135 2618 e.
1161 2581 1272 2617 codex
1295 2579 1426 2615 Leonis
1448 2579 1594 2625 Auatii)

694 2676 923 2733 Caput
983 2679 1019 2718 1.

128 2719 403 2788 Ecclesiastica
427 2753 544 2788 officia
567 2753 619 2788 sic
641 2753 784 2788 habent.

222 2798 358 2833 Primus
382 2799 573 2844 quinarius.
613 2811 754 2844 magnus
785 2810 1015 2841 oeconomuS,
1047 2797 1108 2842 qui
1133 2807 1196 2831 sua
1219 2795 1256 2830 in
1279 2798 1454 2841 potestate
1478 2804 1595 2828 omnes

131 2842 300 2879 ecclesiae
328 2845 512 2881 facultates
539 2856 726 2891 omnesque
750 2845 787 2880 in
810 2845 879 2880 iuis
903 2844 1036 2879 reditus
1060 2847 1176 2889 tenet,
1212 2848 1248 2877 et
1276 2848 1345 2877 tam
1373 2840 1596 2887 patriarchae
