1832 3178
471 201 546 242 DE
579 199 816 243 OFFIGIIS
851 199 929 244 GP.
963 199 1074 243 GAP.
1109 198 1187 243 IV.
1490 197 1551 244 17

105 330 186 368 μου
205 315 326 356 εἰπεῖν
345 313 412 354 καὶ
434 310 456 354 ὅ
476 311 678 367 αὐθέντης
696 324 799 367 μου·
834 310 928 354 ἀλλ’
959 309 1087 362 οὕτως
1112 309 1391 370 ἐπεκράτησεν.
1458 310 1554 355 οὐδὲ

105 381 184 438 γὰρ
202 386 261 439 τῷ
276 379 449 437 δεσπότῃ
466 380 567 436 λέγει
585 398 666 431 τις,
701 382 736 422 εἰ
755 378 886 435 δεήσει
895 412 909 432 ,
936 379 1048 436 κύριε
1069 398 1164 434 μου,
1193 382 1322 424 καίτοι
1338 397 1383 436 γε
1403 397 1551 423 ταυτο-

106 447 284 503 δυνοῖμου
305 447 422 499 ὄντος
437 449 504 490 καὶ
523 449 662 501 αὐτοῦ,
683 446 739 499 ὥς
761 448 925 506 εἴρηται,
947 448 1052 491 ἀλλὰ
1070 447 1244 493 δέσποτά
1258 462 1361 504 μου·
1386 447 1551 506 ἄρχοντι

107 518 152 560 δὲ
171 518 272 573 λέγει
285 514 399 575 κῦριὲ
411 534 507 571 μου.

75 646 97 681 5
495 632 1033 699 Κεφάλαιον
1101 633 1155 685 ὅ.
1572 643 1669 682 Ρ5ο

106 712 199 759 Περὶ
219 713 297 750 τῶν
317 712 386 750 τοῦ
405 711 564 759 μεγάλου
587 713 803 758 δομεστίκου
824 712 887 748 καὶ
909 714 986 748 τῶν
1008 714 1148 751 λοιπῶν
1168 709 1360 759 ἀρχόντων
1376 715 1551 751 σκιαδίων

665 758 728 794 καὶ
750 757 984 805 φορεμοὶτων.

242 844 303 887 Τὸ
331 842 512 887 σκιάδιον
537 848 612 888 τοῦ
627 841 804 899 μεγάλου
829 844 1064 897 δομεστίκου
1092 841 1417 901 χρυσοκόκκινον,
1452 849 1552 889 κλα-

105 909 250 964 πωτόν,
283 913 384 966 μετὰ
406 913 524 969 ἀέρος
538 913 853 969 χρυσοκοκκίνου
876 915 1091 954 κλαπωτοῧ
1111 914 1177 954 καὶ
1198 912 1336 956 αὐτοῦ.
1392 914 1445 957 τὰ
1464 922 1553 958 σεῖα

53 991 96 1026 10
99 979 394 1037 χρυσοκόκκινα
401 1012 415 1032 ,
451 977 518 1023 οἷα
546 982 614 1023 καὶ
644 978 666 1022 ὃ
697 978 791 1036 ἀήρ.
858 980 904 1022 τὸ
936 981 1151 1022 δικανίκιον
1183 981 1310 1023 αὐτοῦ
1338 983 1442 1037 μετὰ
1472 988 1553 1026 τῶν

104 1047 268 1103 κόμβων
289 1051 547 1103 ι’νοκοπητιῦν.
614 1046 636 1090 ὃ
662 1049 736 1102 μὲν
763 1045 895 1091 ἐπάνω
917 1047 1110 1098 κόνδυλος
1132 1053 1333 1105 χρυσοῦς,
1366 1054 1492 1101 λεῖος·
1527 1050 1548 1094 ὅ
1570 1057 1600 1092 Β

103 1118 194 1170 μετ’
218 1117 340 1159 αὐτὸν
353 1121 532 1174 χρυσοῦς
553 1118 620 1158 καὶ
642 1114 787 1168 αὐτός,
822 1117 1137 1172 ἓντετυλιγμένος
1160 1118 1204 1158 δὲ
1225 1117 1292 1159 διὰ
1316 1124 1553 1172 σχοινοπλο-

104 1186 191 1227 κίον
209 1184 385 1242 ἀργυροῦ
397 1198 409 1210 ·
444 1183 464 1227 ὃ
486 1184 577 1239 μετ’
600 1184 721 1227 αὐτὸν
741 1185 874 1241 τρίτος
883 1188 1077 1241 χρυσοῦς,
1107 1187 1211 1235 λεῖος
1231 1186 1333 1228 κατὰ
1351 1186 1420 1230 τὸν
1438 1192 1552 1243 πρῶ-

104 1269 188 1304 τον,
230 1251 252 1295 ὃ
287 1254 332 1295 δὲ
357 1253 543 1309 τέταρτος
563 1253 667 1295 κατὰ
687 1251 756 1295 τὸν
777 1250 960 1309 δεύτερον
981 1254 1295 1308 ἓντετυλιγμένος
1316 1259 1552 1308 σχοινοπλο-

54 1322 177 1378 15κίῳ
206 1321 370 1379 ἀργυρῷ
402 1322 468 1363 καὶ
497 1325 674 1376 καθεξῆς
704 1318 852 1375 ὁμοίως
879 1327 963 1371 τοῖς
994 1319 1167 1377 ῥηθεῖσι.
1234 1322 1280 1364 τὸ
1309 1321 1551 1379 σκαράνικον

104 1389 230 1438 αὑτοῦ
257 1387 566 1445 χρυσοκόκκινον
578 1421 593 1442 ,
635 1389 898 1446 συρματέϊνον
909 1420 923 1441 ,
969 1387 1058 1443 ἔχον
1090 1388 1319 1446 ἔμπροσθεν
1352 1394 1553 1443 εἷκονικιῖίς

103 1457 174 1499 τὸν
203 1457 374 1510 βασιλέα
408 1457 641 1512 ι’νοκοπητὸν
670 1455 882 1510 ἱστάμενον
910 1457 1171 1511 ἐστεμμένον,
1211 1459 1254 1500 ἐκ
1284 1460 1424 1508 δεξιῶν
1453 1461 1551 1514 μέν-

104 1541 167 1566 τοι
189 1524 353 1581 ἅγγελον
371 1526 454 1576 ἕνα,
497 1527 564 1567 καὶ
594 1525 726 1581 ἕτερον
752 1526 795 1576 ἐξ
824 1524 1058 1581 ἀριστερῶν,
1098 1527 1463 1582 περικυκλωμένους
1485 1528 1553 1570 διὰ

104 1591 337 1648 μαργάρων,
370 1591 427 1635 ἔτι
451 1594 497 1635 δὲ
525 1595 592 1635 καὶ
619 1593 691 1646 τὴν
717 1597 790 1635 ’τοῦ
817 1593 1015 1646 βασιλέως
1041 1591 1185 1634 εῗκόνα.
1253 1591 1331 1647 ἔχει
1350 1596 1395 1636 δὲ
1417 1598 1484 1637 καὶ
1505 1595 1550 1637 τὸ
1574 1598 1603 1632 Ρ
1626 1599 1669 1635 51

51 1659 346 1716 Ξοσκαράνικον
371 1658 557 1716 γύρωθεν
590 1661 654 1702 ἐπὶ
683 1663 757 1702 τοῦ
790 1658 977 1713 μετώπου
1008 1660 1145 1716 σειρὰν
1177 1666 1553 1719 μαργαριταρεΐνην.

107 1726 152 1768 τὸ
182 1725 405 1780 καββάὸιον
438 1727 564 1771 αὐτοῦ
598 1727 800 1781 ὁιβολέον,
845 1726 949 1782 μετὰ
978 1728 1228 1785 μαργελλίων
1262 1734 1552 1785 συρματεῖνων.

192 1834 237 1869 21
259 1832 461 1879 mamzer·
470 1834 503 1868 A

103 1935 198 1959 meus
218 1928 254 1959 et
276 1923 458 1958 authentes
481 1923 530 1967 (s.
555 1923 677 1968 herus)
702 1935 811 1958 meus.
836 1923 899 1958 sed
920 1934 1014 1967 usus,
1036 1929 1076 1959 ut
1098 1924 1366 1970 distinguantur,
1384 1927 1551 1965 obtinuit.

102 1981 216 2015 neque
238 1970 328 2004 enim
349 1970 516 2015 despotae
537 1969 623 2004 dicit
645 1970 735 2014 quis,
758 1971 895 2014 quando
919 1981 1062 2004 necesse
1084 1976 1159 2014 est,
1191 1971 1294 2016 kyrie
1315 1973 1380 2016 mi,
1415 1976 1552 2009 tametsi

102 2015 425 2107 gfgtqussssgz’mlilt
445 2014 573 2050 dictum
597 2022 671 2060 est,
704 2015 956 2062 aequipolleat3
985 2016 1048 2051 sed
1075 2017 1222 2062 despota
1249 2017 1316 2052 mi:
1348 2024 1384 2053 at
1411 2021 1551 2065 proceri

194 2087 205 2107 ,
405 2084 416 2095 .

666 2151 697 2193 C
725 2166 748 2192 a
829 2168 852 2192 u
877 2159 892 2192 t
948 2151 986 2193 4.

147 2219 200 2254 Dc
218 2217 320 2264 pileis
340 2220 375 2254 ct
396 2218 643 2264 gestaminibns
665 2167 799 2265 magni)
813 2218 989 2254 domestici
1011 2222 1045 2252 et
1070 2217 1278 2263 reliquorum
1297 2220 1506 2266 principum.

194 2296 311 2331 Pileus
338 2297 453 2341 magni
481 2297 661 2332 domestici
694 2309 799 2332 aureo
829 2302 865 2331 et
888 2296 1049 2330 coccineo
1073 2296 1189 2330 colore
1209 2297 1338 2332 tinctus
1369 2304 1435 2335 est.
1483 2301 1550 2338 filis

104 2342 227 2377 sericis
247 2354 330 2376 auro
354 2343 455 2376 tectis
476 2347 593 2377 textus
615 2350 686 2387 est,
720 2355 762 2377 ac
778 2343 911 2388 pariter
931 2342 1006 2376 eius
1027 2353 1088 2375 ora
1109 2354 1193 2376 auro
1218 2343 1430 2380 intermixta.
1475 2353 1551 2380 tae-

105 2388 185 2422 niae
206 2387 395 2433 pendulae,
428 2388 519 2422 sicut
536 2394 571 2423 et
591 2389 676 2434 pilei
698 2389 866 2431 circulus,
899 2399 983 2422 auro
1007 2388 1218 2432 coccinoque
1238 2395 1375 2432 textae3
1410 2392 1550 2427 baculus

105 2433 206 2468 nodis
228 2433 368 2467 caelatis
392 2438 540 2468 constat.
584 2435 645 2479 qui
665 2446 772 2480 supra
791 2434 917 2468 visitur
938 2433 1086 2467 calamus
1099 2459 1109 2477 ,
1143 2445 1269 2468 aureus
1293 2441 1347 2469 est
1370 2440 1405 2469 et
1426 2436 1549 2474 laevis.

106 2479 167 2524 qui
188 2478 368 2524 sequitur,
404 2490 528 2513 aureus
551 2485 606 2513 est
628 2485 664 2514 et
696 2480 795 2525 ipse,
832 2480 894 2514 sed
924 2479 1099 2512 involutus
1121 2486 1266 2522 argento
1288 2480 1399 2514 instar
1422 2483 1552 2517 funarii

105 2524 223 2569 operis
245 2529 416 2558 contorto.
463 2524 588 2559 tertius
620 2536 745 2559 aureus
772 2531 826 2560 est
857 2530 892 2559 et
911 2525 1022 2559 laevis
1048 2524 1158 2558 instar
1180 2524 1296 2568 primi.
1343 2533 1487 2570 quartus
1514 2529 1550 2563 in

105 2571 240 2604 modum
272 2569 415 2604 secundi
446 2569 621 2604 involutus
651 2576 794 2615 argento
829 2582 924 2604 more
951 2570 1083 2603 funium
1115 2574 1293 2611 contort03
1329 2577 1364 2605 et
1385 2572 1550 2619 deinceps

106 2615 332 2650 consimiliter
354 2615 398 2649 iis
422 2626 512 2660 quae
534 2615 628 2650 dicta
646 2622 738 2651 suut.
786 2616 997 2650 scaranicum
1021 2615 1096 2648 eius
1119 2625 1259 2648 aureum
1289 2620 1326 2649 et
1353 2619 1550 2654 coccineum

107 2666 181 2705 est,
215 2661 440 2704 fimbriatum,
474 2660 648 2695 anteriore
682 2667 718 2696 et
746 2662 942 2708 posteriore
969 2666 1069 2706 parte
1100 2660 1303 2704 praeferens
1331 2661 1552 2708 imperatoris

105 2706 305 2751 imaginem,
330 2707 517 2750 caelatam,
539 2711 705 2751 stantem,
738 2713 948 2741 coronatam.
995 2718 1016 2739 a
1036 2705 1169 2739 dextris
1193 2716 1292 2740 unum
1315 2707 1420 2744 habet
1443 2722 1551 2755 ange—

107 2752 194 2796 lum,
224 2751 367 2786 alterum
391 2764 413 2786 a
435 2751 608 2795 sinistris,
641 2753 836 2797 margaritis
863 2751 1111 2790 circumdat033
1138 2750 1281 2795 insuper
1303 2753 1406 2788 etiam
1426 2754 1552 2800 imagi-

107 2809 185 2831 nem
207 2797 437 2842 imperatoris.
483 2798 590 2831 habet
609 2808 694 2831 vero
711 2799 924 2832 scaranicum
948 2797 1041 2830 circa
1064 2806 1255 2839 supremam
1279 2808 1372 2832 oram
1396 2806 1552 2836 catenam

107 2853 151 2877 ex
172 2843 367 2887 margaritis
389 2844 594 2877 confectam.
641 2843 843 2879 cabbadium
865 2844 940 2878 eius
963 2840 1111 2886 duplicis
1134 2841 1261 2876 coloris
1285 2849 1338 2877 est
1362 2857 1436 2879 cum
1461 2858 1551 2880 mar-

161 2895 283 2930 Codin.
312 2895 510 2940 europalat.
538 2895 582 2931 dc
610 2895 709 2940 Offic.
1254 2892 1277 2931 2
