1820 3178
254 163 348 211 120
465 163 744 210 GRETSERI
759 164 833 209 ET
854 164 1028 210 GOARI
1047 165 1491 214 COMMENTARIUS

248 273 504 313 interfectores
523 271 665 313 Leonis
686 272 850 312 Armenii
870 277 980 312 nocte
1001 273 1204 313 nativitatis
1223 274 1362 312 domini
1387 275 1444 315 his
1477 274 1615 316 clericis
1643 277 1712 317 im-

251 331 352 370 misti
367 331 547 382 templum
567 331 724 382 ingressi
750 335 876 369 essent
902 334 942 368 et
966 329 1133 370 Leonem
1161 331 1370 370 trucidandi
1394 333 1622 373 occasionem
1644 347 1714 373 nec

251 389 393 426 frustra
413 391 639 439 captassent.
696 388 786 438 quid
808 389 839 427 si
859 388 1122 427 exocatacoelis
1143 400 1291 439 quoque
1318 401 1400 427 mos
1430 393 1535 428 extra
1554 391 1713 442 patriar-

252 445 395 483 chicum
424 443 668 496 pernoctandi
702 443 804 484 suit?
845 448 953 483 erant
994 445 1081 483 olim
1110 445 1172 482 isti
1207 445 1452 484 exocatacoeli
1485 448 1714 499 sacerdotes,

253 505 389 554 postea
413 502 461 539 ab
488 500 699 553 patriarcha
729 501 904 553 quopiam
929 501 968 539 in
990 501 1287 553 patriarchalium
1315 502 1554 542 diaconorum
1587 516 1717 542 nume-

254 571 339 596 rum
353 558 515 608 redacti,
537 561 581 595 ut
598 557 807 609 patriarcha
823 558 954 596 diebus
971 558 1251 597 solemnioribus
1278 559 1455 598 ministris
1470 559 1717 599 honoratiori-

253 614 325 653 bus
342 627 420 653 non
443 618 598 664 careret,
615 617 659 651 ut
672 618 779 665 patet
804 627 850 653 ex
871 616 954 666 ipso
971 615 1118 654 Codino
1135 629 1165 654 ο.
1190 617 1216 658 9
1232 628 1269 667 p.
1289 618 1344 658 66
1369 618 1396 660 8
1413 620 1452 655 et
1466 617 1718 669 sequentibus.

363 670 527 721 Magnae
545 672 697 709 fuerunt
717 671 948 711 auctoritatis
970 672 1226 722 exocatacoeli,
1253 684 1365 722 quam
1397 685 1443 712 ex
1466 673 1524 712 his
1550 674 1717 726 pauculis

253 727 391 768 Codini
426 727 549 766 verbis
582 727 733 778 colligas
761 741 798 780 p.
827 728 855 770 4
882 729 952 770 11·
996 723 1108 770 οὗτοι
1133 724 1336 780 κάθηνται
1371 728 1417 771 ἐν
1443 732 1495 786 τῇ
1517 731 1614 788 θεία
1649 729 1720 772 καὶ

255 784 344 839 ἱερᾷ
385 780 540 837 συνόδῳ
586 782 684 837 μετα
721 787 794 824 τοῦ
819 780 1045 851 άρχιερέως.
1100 784 1397 838 chartophylaci,
1436 787 1500 825 uni
1542 799 1588 826 ex
1622 787 1719 840 istis,

253 844 450 879 moverunt
471 840 671 892 aliquando
694 841 797 880 litem
825 842 990 907 episcopi
1017 838 1083 882 ὃιοέ
1104 857 1147 883 το
1173 844 1467 910 προκαθῆσθαι
1494 839 1617 886 αὐτὸν
1639 846 1720 885 τῶν

256 893 491 963 άρχιερέᾳζν,
511 895 687 964 ὁπηνίκα
705 897 789 938 δέοι
808 894 973 946 τούτους
972 897 1251 969 συνέρχεσθαι
1272 895 1374 940 κατά
1391 914 1482 941 τινα
1496 901 1630 954 χρείαν
1650 899 1722 942 καὶ

262 954 534 1008 συνεδριαζειν
551 950 653 995 κατὰ
670 950 818 995 ταῦτὸν
843 950 922 1007 πρὸ
940 956 1012 1006 τῆς
1032 954 1088 1002 εἰς
1106 970 1180 1006 την
1206 951 1435 1008 ἁγιωσύνην
1455 968 1529 997 σου
1549 953 1723 998 εἰσελευ-

258 1021 370 1058 σεως.
425 1022 553 1048 verum
570 1024 640 1061 pro
659 1010 944 1062 chartophylace
962 1011 1149 1063 rescripsit
1166 1010 1317 1050 Alexius
1340 1011 1565 1053 Comnenus.
1596 1017 1722 1054 exstat

257 1066 416 1106 Novella
436 1067 514 1104 eius
535 1067 630 1104 inter
650 1067 732 1106 illas
757 1080 850 1120 quas
880 1080 964 1108 cum
990 1067 1132 1121 Ecloga
1161 1081 1229 1108 seu
1256 1069 1420 1122 Synopsi
1445 1069 1540 1111 luris
1559 1069 1721 1110 Romani

259 1123 377 1162 edidit
400 1121 658 1162 Leunclavius.

370 1178 586 1217 Eorundem
610 1177 653 1219 fit
677 1180 816 1219 mentio
838 1180 878 1218 in
907 1179 1059 1220 concilio
1093 1179 1310 1221 Florentino
1347 1184 1525 1232 tanquam
1562 1182 1723 1221 auctori-

260 1239 341 1274 tate
378 1240 418 1274 et
461 1237 645 1287 dignitate
686 1237 726 1275 in
778 1237 875 1276 clero
914 1237 1140 1275 Graecanico
1188 1237 1297 1275 valde
1338 1238 1611 1278 excellentium:
1653 1237 1722 1280 καὶ

259 1290 330 1332 τόν
352 1288 494 1332 πάπαν
513 1292 533 1333 ὁ
555 1289 795 1346 πατριάρχης
813 1289 1009 1362 ἠσπάζετο
1034 1290 1248 1346 ἱστάμενον
1274 1293 1317 1334 ἐν
1336 1297 1387 1364 τῇ
1412 1298 1578 1350 παρειᾷ,
1606 1293 1724 1347 ημεῖς

261 1346 304 1389 δὲ
327 1347 562 1401 καθημένου
581 1364 655 1401 την
673 1347 808 1398 δεξιαν
828 1345 957 1390 αὐτοῦ
970 1348 1038 1389 καὶ
1051 1364 1126 1401 την
1143 1364 1315 1402 παρειαν
1335 1350 1411 1391 σῦν
1429 1355 1513 1399 τοῖς
1527 1352 1724 1400 ἐξωκατα-

260 1404 424 1452 κοίλοις.
480 1405 806 1474 παραγενομένου
842 1405 887 1447 έν
919 1402 1030 1462 αὐτῷ
1062 1408 1135 1446 τοῦ
1163 1405 1354 1460 βασιλέως
1382 1409 1457 1448 τοῦ
1477 1406 1616 1461 ἁγίου,
1641 1423 1724 1449 των

259 1460 541 1512 καρδηναλὲων
560 1461 629 1501 καὶ
649 1459 813 1502 πάντων
831 1477 913 1503 των
939 1447 1152 1515 ἀρχιερέων
1182 1462 1249 1506 καὶ
1284 1479 1365 1507 των
1387 1464 1724 1513 ἐξωκατακοίλων.

262 1519 440 1557 hactenus
459 1518 506 1556 de
521 1518 817 1557 exocatacoelis
807 1531 846 1557 m
874 1531 1010 1570 genere
1026 1517 1078 1571 *).

376 1585 491 1632 Quod
526 1585 663 1623 attinet
703 1586 754 1624 ad
797 1599 1059 1637 oeconomum,
1116 1586 1181 1637 qui
1229 1586 1369 1638 primus
1416 1586 1514 1625 inter
1554 1591 1728 1627 exocata-

264 1641 407 1694 coelos,
444 1642 523 1680 eius
555 1639 714 1681 officium
746 1642 804 1681 his
832 1643 953 1682 verbis
994 1643 1170 1681 describit
1198 1641 1367 1681 Codinus
1400 1656 1437 1694 p
1476 1644 1504 1685 3
1533 1656 1567 1685 v.
1591 1644 1726 1696 penult.

266 1697 290 1739 ὁ
319 1698 442 1768 μέγας
464 1698 678 1764 οἰκονόμος
704 1714 863 1768 κρατων
884 1697 1019 1740 πάντα
1044 1697 1094 1740 τα
1123 1696 1302 1752 κτήματα
1322 1715 1394 1752 της
1403 1699 1629 1768 ἐκκλησίας
1657 1699 1728 1742 καὶ

266 1757 349 1795 πᾶν
362 1752 408 1795 τό
429 1750 727 1807 ἐσοὸιαζὸμενον
746 1755 787 1804 ἐξ
807 1771 956 1797 αυτων.
985 1755 1053 1796 καὶ
1072 1755 1282 1808 οἰκονομεῖ
1303 1758 1361 1811 τῷ
1387 1752 1564 1809 ἀρχιερεῖ
1584 1755 1654 1797 καὶ
1674 1759 1730 1813 τῇ

266 1811 464 1866 ἐκκλησία.
520 1824 616 1877 quae
639 1812 693 1850 sic
721 1812 987 1864 interpretatur
1014 1813 1161 1851 Iunius:
1189 1797 1341 1863 magun}
1359 1825 1575 1862 oeconomus,
1603 1815 1668 1865 qui
1686 1817 1728 1854 in

266 1880 379 1906 omnes
391 1871 618 1919 possessiones
643 1868 807 1907 ecclesiae
827 1873 1072 1908 auctoritatem
1100 1870 1223 1918 habet,
1261 1881 1455 1920 omnemque
1485 1869 1637 1908 reditum
1665 1872 1732 1922 qui

265 1936 309 1962 ex
344 1926 393 1962 eis
416 1927 621 1975 percipitur.
678 1927 858 1963 ministrat
894 1930 1011 1963 autem
1043 1925 1218 1963 sacerdoti
1241 1937 1372 1962 summo
1403 1929 1437 1963 et
1469 1926 1634 1964 ecclesiae
1659 1926 1729 1965 Ιιασ
1796 1974 1800 1979 ⁴

129 1978 157 2011 Ρ
182 1978 249 2013 156
272 1982 485 2018 oeconomica
495 1982 749 2031 procu-ratione.
783 1986 925 2032 quanto
944 1982 1088 2018 brevius
1109 1985 1148 2019 et
1163 1981 1371 2018 distinctius
1388 1981 1542 2020 dixisset
1561 1994 1730 2032 magnum

266 2049 479 2075 oeconomum
506 2050 576 2074 esse
599 2036 702 2074 illum
721 2039 784 2088 qui
807 2040 845 2076 in
862 2051 973 2076 omnes
994 2037 1195 2089 facultates
1217 2041 1472 2088 proventusque
1492 2039 1653 2076 ecclesiae
1671 2041 1730 2077 ius

266 2093 389 2140 habet,
415 2096 688 2143 procui-aterque
705 2098 755 2131 est
777 2096 930 2145 episcopi
944 2095 1049 2132 simul
1074 2107 1118 2132 ac
1151 2093 1326 2133 ecclesiae.
1383 2094 1543 2133 breviter
1570 2095 1731 2134 eundem

266 2149 464 2200 descripsit
489 2149 709 2187 Balsamon:
738 2148 806 2189 καὶ
836 2149 912 2201 ἔχει
939 2153 1022 2190 τῶν
1050 2149 1387 2201 έκκλησιαστικοῖν
1413 2148 1626 2203 κτημάτων
1653 2149 1730 2203 τήν

265 2205 466 2259 πρόνοιαν
497 2204 521 2245 ὁ
549 2205 669 2257 μέγας
701 2203 927 2254 οἰκονόμος.
981 2211 1111 2244 natum
1136 2209 1195 2244 est
1224 2210 1350 2244 autem
1377 2206 1467 2244 illud
1494 2205 1516 2248 ὅ
1542 2206 1663 2260 μέγας
1683 2219 1732 2247 ex

268 2263 468 2300 recentium
494 2261 720 2300 Graecorum
747 2263 970 2313 ambitione,
999 2264 1062 2313 qui
1087 2261 1216 2301 officiis
1244 2267 1284 2301 et
1309 2263 1554 2314 dignitatibus
1581 2264 1732 2303 titulum

268 2314 440 2372 μεγάλου
457 2319 658 2357 a‹hnodum
676 2318 872 2356 liberaliter
891 2320 1193 2371 praeponebant,
1221 2323 1261 2358 et
1274 2332 1387 2371 saepe
1406 2321 1481 2358 duo
1503 2319 1642 2372 officia,
1670 2333 1732 2359 ce-

270 2375 441 2426 teroquin
478 2375 602 2425 paria,
639 2375 746 2413 aliter
771 2389 848 2413 non
876 2376 1157 2426 distinguebant
1191 2389 1302 2426 quam
1334 2377 1434 2415 vocis
1458 2379 1532 2417 τοῦ
1558 2373 1731 2430 μεγάλου

269 2432 516 2483 appositione.
551 2444 625 2482 qua
641 2432 679 2469 in
698 2444 738 2469 re
757 2432 867 2483 longe
887 2434 1071 2483 parciores
1090 2437 1130 2470 et
1147 2433 1389 2471 restrictiores
1408 2437 1498 2471 sunt
1512 2445 1732 2484 semperque

272 2490 422 2526 fuerunt
437 2487 585 2539 Latini,
611 2488 673 2538 qui
692 2492 732 2526 et
750 2489 799 2526 ad
818 2502 965 2539 omneS,
983 2490 1052 2526 etsi
1070 2490 1206 2527 virtute
1238 2493 1278 2527 et
1305 2490 1513 2529 eruditione
1537 2493 1732 2541 praestan-

270 2550 350 2594 tes,
368 2558 452 2582 raro
477 2544 550 2582 hoc
570 2544 731 2595 elogium
759 2545 864 2595 quasi
886 2558 1110 2595 praenomen
1128 2550 1193 2583 aut
1217 2559 1422 2596 cognomen
1448 2546 1732 2595 transtulerunt,

270 2615 352 2639 cum
381 2605 506 2638 tamen
532 2602 635 2651 apud
661 2601 825 2640 Graecos
846 2602 934 2640 nihil
963 2602 1014 2640 sit
1043 2603 1271 2652 frequentius
1299 2616 1410 2654 quam
1436 2601 1526 2640 illud
1548 2597 1569 2643 ὅ
1598 2600 1731 2654 μέγας.

269 2670 382 2709 saepe
400 2670 445 2695 ex
459 2671 587 2696 musca
614 2656 736 2713 μέγαν
763 2658 997 2711 elephantem
1026 2659 1146 2697 facere
1166 2658 1301 2699 solent.
1345 2663 1386 2698 et
1406 2658 1479 2698 iam
1507 2669 1657 2711 quoque
1685 2668 1731 2697 ex

363 2823 399 2867 ⁸)
424 2822 469 2856 cf.
494 2823 603 2859 (ἔσοι’.
625 2825 669 2861 ad
695 2836 727 2860 c.
751 2827 784 2861 9.
