1820 3178
553 197 613 241 IN
641 196 836 241 comm
868 197 980 241 GAP.
1007 196 1041 241 1.
1147 190 1212 245 ·;.Ξ
1434 197 1528 242 163

83 308 172 348 lici
161 319 234 346 iam
250 307 462 345 consecrato
481 303 582 342 sub·
571 318 694 356 ipsum
718 305 980 343 communionis
1007 309 1153 370 tempus
1173 305 1365 343 infundere
1390 317 1527 355 aquam

85 363 360 415 calidissimam,
387 373 500 410 quam
525 373 550 399 a
575 362 718 398 fervore
741 365 875 399 vocant
903 361 1024 410 ζέσιν,
1056 366 1096 399 et
1127 363 1247 412 ipsum
1273 361 1460 400 vasculum
1487 363 1527 399 in

83 433 163 472 quo
192 413 362 457 adfertur
396 415 501 463 ζέον,
538 421 582 454 ut
616 418 924 466 quemadmodum
960 430 1005 455 ex
1035 416 1150 456 latere
1179 418 1320 456 Christi
1345 419 1384 456 in
1421 430 1528 456 cruce

86 474 282 527 pendentis
299 477 458 521 utraque
478 471 647 523 (sanguis
667 477 705 510 et
727 473 843 524 aqua)
865 471 1111 524 θερμότητος
1130 476 1415 538 πεπληρωμένα
1441 487 1530 526 pro-

85 532 289 578 fluxerunt,
308 529 363 566 ita
380 532 546 579 tempore
573 529 836 566 communionis
861 530 1168 568 communicantes
1193 534 1233 568 et
1248 531 1467 580 sanguinem
1490 534 1531 567 et

84 591 233 636 aquam,
250 589 290 623 et
303 585 464 649 quidem
469 588 628 633 utraque
646 583 814 634 calentia,
832 585 1052 636 percipiant,
1077 601 1133 633 ως
1146 581 1248 640 αὐτῇ
1265 588 1316 640 τῇ
1333 583 1533 636 ζωοπαρό-

85 657 141 696 χῳ
170 642 322 695 πλευρᾷ
354 634 583 691 ψαυόντων.
622 640 671 678 de
700 652 776 689 qua
813 641 1099 691 consuetudine,
1136 654 1248 692 quam
1278 642 1412 680 rationi
1442 654 1533 678 con-

85 701 265 741 sentanea
298 696 370 746 sit,
395 694 485 733 nihil
511 708 607 746 opus
638 695 804 747 pluribus
833 696 892 739 hic
921 697 1134 745 disquirere.
1182 697 1266 734 huic
1294 696 1384 746 e'rgo
1412 709 1534 745 aquae

87 752 352 792 calefaciendae
368 751 549 790 vacabant
566 754 749 801 οαηιὶεαῐί,
769 756 811 789 ut
827 757 867 790 et
895 753 1113 790 carbonibus
1137 767 1206 804 pro
1225 753 1353 790 suffitu
1372 753 1533 790 ferendis

87 813 128 847 et
145 809 322 847 fovendis.
346 807 400 845 sic.
418 807 506 844 dicti
531 821 554 845 a
575 810 739 846 cambiis.
796 807 922 845 Iunius
954 809 1066 847 vertit
1087 810 1232 848 inducia
1266 809 1330 846 fol.
1371 812 1437 851 86.
1465 821 1535 846 nec

86 869 148 903 est
164 864 267 914 quod
293 863 376 912 quis
395 863 541 900 dubitet
560 866 707 902 camisia
728 863 831 901 Italis
854 877 936 901 esse
961 864 1115 902 indusia.
1142 866 1210 902 sed
1235 866 1265 902 si
1290 864 1535 902 ecclesiastica

87 919 267 959 vocabula
283 918 525 957 ecclesiastico
542 931 644 958 more
666 919 868 969 intelligere
892 924 932 958 et
952 920 1187 971 interpretari
1209 921 1379 969 velimus,
1408 933 1535 958 neces-

81 977 190 1015 *sario
215 975 409 1014 dicendum
439 979 518 1024 est,
543 975 661 1026 .apud
697 950 881 1013 Codinnum
910 989 977 1027 per
1004 979 1150 1015 camm'a
1177 977 1332 1026 intelligi
1361 977 1399 1013 id
1432 977 1537 1025 quod

89 1031 309 1070 Germanice
344 1043 517 1069 vooemus
544 1031 610 1069 den
644 1031 806 1069 chmock
834 1044 900 1069 seu
930 1032 1126 1070 ckorluemd:
1154 1046 1240 1070 nam
1264 1034 1312 1070 de
1336 1032 1535 1070 lectoribus

89 1100 207 1138 agens
233 1086 399 1124 eodinus
432 1087 484 1125 ait
517 1099 581 1124 eos
615 1091 716 1125 stare
752 1087 792 1125 in
832 1088 953 1125 medio
993 1088 1148 1126 triclinio
1181 1101 1264 1126 cum
1299 1089 1463 1126 vestibus
1496 1093 1537 1126 et

90 1143 332 1196 epiri-iptariis
359 1143 458 1192 suis,
492 1138 670 1180 habentes
699 1145 848 1182 camisia
879 1139 1028 1183 ἐπάνω
1041 1146 1123 1184 τῶν
1160 1144 1339 1196 ἱματίων.
1369 1146 1423 1182 sic
1451 1158 1482 1181 c.
1507 1146 1537 1184 7

90 1199 139 1237 de
164 1211 309 1254 *mensa
347 1198 578 1250 imperatoris
609 1199 794 1237 Codinus:
831 1199 1087 1249 ingrediuntur
1115 1197 1255 1250 psaltae
1286 1213 1352 1237 seu
1381 1204 1539 1238 cantores

91 1267 171 1293 cum
202 1257 277 1305 suasa
304 1257 537 1305 epimptan‘is
554 1259 587 1294 et
607 1257 783 1302 camisiis,
810 1255 882 1292 hoc
905 1259 963 1293 est
980 1258 1044 1293 mit
1072 1255 1136 1293 den
1163 1256 1413 1302 chorhemdem,·
1440 1268 1540 1304 quae

91 1310 214 1349 nullus
235 1309 556 1349 eccloeiasticarum
584 1323 704 1348 rerum
732 1311 873 1363 peritus
890 1315 1000 1349 vocat
1025 1312 1182 1350 indun'a.
1216 1312 1328 1361 vulgo
1346 1317 1453 1349 vestes
1473 1324 1538 1348 su—

93 1365 333 1418 pet-pelliceae
366 1367 547 1404 dicuntur.
588 1367 635 1404 ab
663 1367 720 1404 his
747 1380 837 1417 ergo
869 1370 1025 1406 camin'is
1058 1369 1226 1406 camisati
1256 1380 1391 1406 nomen
1416 1368 1537 1414 venit;

94 1433 189 1471 quos
209 1423 336 1460 forsan
352 1434 428 1460 non
446 1423 572 1473 inepte
587 1423 773 1460 vocaveris
790 1423 964 1462 linteatae.

205 1488 358 1527 Praeter
387 1488 456 1526 hos
494 1492 584 1526 sunt
618 1490 720 1540 apud
754 1489 909 1526 Citrium
935 1490 1199 1540 patriarchales
1233 1490 1430 1528 domestzci:
1467 1488 1538 1528 καὶ

92 1547 210 1586 τοῦτο
233 1543 277 1585 δὲ
299 1560 344 1584 το
373 1540 568 1594 ὄφφίκιον
588 1548 667 1594 τῶν
692 1541 955 1610 ἅναγνωστῶν
978 1545 1072 1585 ἐστί.
1103 1545 1243 1583 functio
1274 1546 1381 1582 huius
1409 1548 1467 1581 est
1491 1541 1536 1583 τὰ

93 1600 138 1642 ἐν
147 1604 241 1654 μῖς
256 1595 468 1663 προσόδοις
485 1602 558 1639 τοῦ
571 1596 811 1651 πατριάρχου
830 1599 953 1652 λέγειν
969 1600 1026 1647 εἰς
1039 1598 1201 1640 πολλα”
1179 1615 1244 1651 ετη
1263 1600 1442 1640 δέσποτα.
1462 1612 1541 1648 qua

93 1656 354 1694 acclamatione
368 1655 499 1692 mirum
515 1667 626 1704 quam
644 1655 774 1692 Graeci
794 1656 966 1693 delectati
983 1656 1130 1694 fuerint.
1158 1657 1243 1694 hinc
1265 1656 1355 1693 nihil
1377 1656 1539 1693 crebrius

95 1713 200 1766 apud
217 1711 299 1749 illos
315 1721 427 1760 quam
445 1711 506 1751 illa
532 1707 870 1763 πολυχρονιαζειν,
890 1708 1205 1765 πολυχρόνισμα,
1234 1709 1511 1765 πολυχρόνιον.

209 1779 321 1824 Quod
347 1777 480 1816 attinet
506 1777 555 1814 ad
584 1776 745 1814 Graecos
772 1777 1015 1827 recentiores,
1044 1783 1192 1829 praeter
1222 1778 1339 1816 multa
1371 1778 1541 1823 ecclesia-

97 1835 272 1872 sticorum
292 1833 494 1871 officiorum
511 1836 635 1870 vetera
652 1833 800 1870 nomina
826 1833 965 1871 habent
988 1847 1057 1871 sua
1076 1839 1115 1871 ct
1146 1835 1320 1886 propria,
1353 1847 1450 1883 quae
1474 1847 1542 1871 nec

98 1892 137 1928 in
154 1890 272 1927 Citrio
290 1902 359 1927 nec
378 1889 417 1926 in
440 1889 586 1926 Codino
607 1893 812 1939 apparent;
834 1901 930 1938 quae
955 1902 1001 1928 ex
1021 1889 1293 1939 Turcograecia
1317 1890 1438 1940 colligi
1453 1904 1543 1941 pos-

99 1951 208 1996 sunt,
234 1950 276 1983 ut
297 1949 355 1983 est
379 1943 403 1986 ὁ
421 1942 652 1996 νομοφύλαξ
674 1947 745 1996 τῆς
767 1942 947 1998 μεγαλης
962 1945 1187 1996 ἐκκλησίας,
1221 1943 1546 1999 πρωτοσύγγελος

97 2005 170 2053 τῆς
191 1998 360 2055 μεγαλης
380 1999 604 2051 ἐκκλησίας,
635 1999 848 2051 ἔφημέριος
865 2017 939 2052 της
961 1998 1130 2054 μεγάλης
1152 2001 1377 2051 ἐκκλησίας,
1405 2003 1547 2051 lampa-

101 2059 225 2097 darius
259 2069 408 2107 magnae
442 2057 602 2095 ecclesiae
630 2055 734 2108 (nam
761 2055 785 2096 ό
808 2053 940 2109 α’ρχων
972 2073 1052 2097 των
1085 2073 1227 2108 φωτων
1252 2058 1399 2095 videtur
1432 2059 1547 2095 fuisse

101 2114 195 2152 alius
217 2113 319 2165 apud
345 2111 569 2162 codinum),
604 2125 754 2161 magnus
782 2112 958 2161 logotheta
991 2126 1142 2162 magnae
1160 2114 1359 2180 eccles-iae,-
1377 2112 1400 2154 ὁ
1427 2113 1547 2166 μέγας

102 2165 250 2263 ρἕῗιρ.
277 2168 440 2207 meminit
467 2168 615 2218 quidem
635 2168 801 2207 eodinus
819 2169 1002 2221 rhetoris,
1029 2170 1097 2208 sed
1122 2169 1265 2221 absque
1285 2172 1359 2212 τοῦ
1371 2167 1545 2223 μεγάλου

102 2238 127 2264 a
221 2236 301 2262 one.

524 2500 951 2553 CAPUT
1029 2504 1134 2554 XV.

110 2620 188 2689 Ex
212 2651 347 2690 clericis
378 2651 482 2690 aulae
508 2652 720 2690 nominatim
746 2655 916 2705 exprimit
939 2668 976 2705 p.
996 2656 1049 2695 93
1070 2665 1104 2691 v.
1128 2652 1155 2693 6
1179 2650 1345 2688 eodinus
1404 2650 1447 2701 1)
1471 2663 1549 2701 pro-

110 2713 303 2765 topsalten,
328 2724 437 2761 quem
461 2711 567 2748 simul
601 2712 653 2748 ait
680 2725 761 2749 esse
793 2712 1018 2764 imperatorii
1046 2711 1130 2748 cleri
1163 2709 1367 2746 exarchum.
1418 2708 1463 2758 2)
1488 2709 1553 2746 do-

112 2771 310 2821 matteum,
353 2780 462 2816 quem
502 2768 554 2804 ait
590 2779 672 2804 esse
710 2769 902 2805 exarchum
933 2768 1017 2804 cleri
1061 2767 1276 2814 Augustae,
1322 2764 1553 2812 eundemque

101 2814 309 2873 ,aliquando
326 2823 432 2861 simul
453 2835 533 2860 esse
553 2823 791 2862 domesticum
812 2824 1005 2870 ecclesiae3
1035 2821 1235 2871 aliquando
1255 2833 1343 2858 vero
1367 2820 1554 2858 ecelesiam
