1832 3178
598 489 923 549 INDEX
977 490 1469 552 CAPITUM.
1541 484 1548 493 ”

310 793 451 830 LIBRI
476 796 631 831 PRIMI
655 796 758 831 cAP.
789 797 820 831 Ῑ.
847 797 935 842 Quis
961 798 1147 834 Codinus?
1163 800 1338 845 quando?
1354 812 1446 846 quae
1469 801 1550 836 libri
1563 801 1760 847 inscriptio.

307 1463 451 1499 LIBRI

486 844 589 877 varia
621 843 775 878 eiusdem
800 845 964 878 vocabuli
994 847 1095 890 apud
1125 848 1335 882 recentiores
1374 848 1529 882 Graecos
1567 849 1762 892 scriptura.

489 901 660 924 numerus
684 891 886 924 clericorum
916 891 955 924 in
983 903 1123 936 magna
1155 893 1311 927 ecclesia.
1446 894 1495 928 ΙΙ.
1526 894 1763 928 dubitationes

492 937 667 980 quaedam
692 937 786 970 circa
813 937 969 981 primum
1001 939 1163 982 catalogi
1188 939 1412 983 quinarium;
1442 940 1486 974 de
1509 940 1763 974 eaeoeatacoelis

490 984 604 1026 deque
628 989 762 1027 magno
788 993 984 1029 oeconomo.
1120 985 1181 1019 III
1208 985 1286 1029 quis
1309 997 1467 1030 magnus
1493 987 1703 1020 sacellarius
1729 989 1764 1019 et·

492 1030 571 1072 quis
588 1025 607 1063 ὃ
634 1027 837 1063 σακελλίου.
947 1030 1006 1064 IV
1005 1053 1015 1064 .
1048 1030 1094 1064 de
1116 1031 1399 1076 chartophylace.
1513 1032 1553 1065 V.
1585 1034 1628 1066 de
1643 1043 1764 1066 sceuo-

486 1075 637 1120 phylace
656 1079 690 1107 et
705 1074 916 1118 protecdico.
1060 1077 1121 1114 VI,
1157 1077 1200 1110 de
1216 1079 1374 1112 secunda
1395 1079 1553 1122 pentade
1567 1079 1766 1123 officiorum

490 1126 525 1154 et
562 1120 787 1165 officialium,
939 1121 1020 1158 VII.
1063 1122 1107 1156 de
1135 1123 1262 1165 tertia,
1402 1122 1500 1157 VIII.
1547 1125 1591 1158 de
1619 1129 1764 1168 quarta,

491 1166 562 1200 IX.
585 1168 627 1200 de
640 1167 787 1211 quinta,
881 1166 932 1202 X.
950 1169 993 1202 de
1002 1173 1124 1214 secvta,
1218 1169 1286 1204 XI.
1305 1169 1349 1202 de
1359 1169 1525 1213 septima,
1619 1170 1705 1204 XII.
1721 1170 1766 1203 de

490 1218 635 1257 octava,
772 1212 878 1247 XIII.
917 1215 959 1248 de
986 1225 1099 1250 nona.
1236 1215 1344 1250 XIV.
1377 1216 1421 1250 de
1445 1216 1526 1250 aliis
1554 1216 1766 1260 quibusdam

490 1259 616 1302 officiis
633 1258 873 1293 ecclesiasticis
893 1271 916 1293 a
940 1260 1047 1295 Citrio
1065 1262 1280 1295 enumeratis
1292 1288 1302 1306 ,
1331 1261 1444 1306 deque
1466 1261 1538 1295 illis
1555 1274 1647 1306 quae
1664 1262 1766 1295 bodie

490 1306 592 1348 apud
619 1305 771 1339 Graecos
791 1305 929 1340 usitata
952 1312 1051 1341 sunt.
1191 1307 1278 1342 XV.
1311 1308 1354 1341 de
1378 1308 1504 1351 officiis
1527 1308 1767 1343 ecclesiasticis

490 1351 601 1384 aulae
628 1352 860 1396 Cpolitanae,
881 1353 1102 1396 potissimum
1125 1352 1169 1387 de
1188 1353 1451 1388 archidiacono.
1590 1354 1633 1388 X
1635 1354 1667 1389 V
1666 1355 1698 1389 1.
1725 1355 1784 1388 de-

488 1397 601 1431 sacris
616 1398 770 1432 vestibus
786 1398 1028 1433 ministrorum
1045 1400 1221 1434 ecclesiae.

486 1465 721 1500 SECUNDI
753 1466 856 1500 CAP.
900 1466 931 1500 I.
982 1465 1039 1501 De
1058 1466 1287 1513 inscriptione
1316 1466 1424 1501 huius>
1454 1467 1594 1511 partis,·
1636 1468 1679 1502 de
1705 1468 1767 1502 de-

487 1518 592 1557 spota
617 1512 731 1556 deque
761 1513 1050 1547 sebastocratore.
1190 1514 1241 1548 ΙΙ.
1284 1513 1435 1557 Caesar,
1466 1525 1627 1558 magnus
1653 1515 1768 1548 dome-

487 1559 617 1604 sticus,
645 1558 1016 1604 panlzypersebastus,
1039 1560 1335 1603 protovestiarius
1361 1564 1396 1593 et
1416 1560 1541 1603 plures
1564 1559 1673 1594 huius
1702 1572 1768 1605 ge-

488 1605 598 1638 neris.
737 1605 805 1641 III.
834 1610 1101 1650 percurruntur
1116 1606 1257 1651 reliqua
1271 1604 1478 1649 officialium
1493 1606 1637 1639 nomina
1647 1631 1658 1650 ‚
1677 1617 1771 1649 quae

488 1651 717 1685 continentur
733 1650 772 1683 in
788 1652 958 1695 catalogo
973 1651 1100 1695 capitis
1114 1653 1150 1686 2.
1289 1650 1355 1685 IV.
1376 1651 1606 1695 explicantur
1621 1653 1771 1686 obscura

489 1697 668 1740 quaedam
684 1697 859 1731 vocabula
873 1709 917 1731 erc
934 1698 1050 1742 capite
1065 1698 1101 1732 3.
1246 1695 1289 1731 V.
1321 1697 1575 1742 explicationes
1597 1702 1631 1731 et
1654 1699 1770 1732 obser-

488 1744 647 1777 vationes
671 1743 767 1776 circa
789 1745 1009 1788 reliquorum
1032 1754 1218 1788 procerum
1244 1742 1443 1778 aulicorum
1471 1743 1650 1788 insignia,
1679 1755 1772 1788 quae

494 1789 651 1822 Godinus
666 1789 783 1834 capite
805 1790 828 1824 4
850 1790 1068 1833 exsequitur.
1222 1789 1283 1824 VI.
1317 1790 1574 1823 observationes
1599 1794 1633 1823 et
1657 1791 1771 1834 expli—

493 1836 649 1869 cationes
665 1836 703 1869 in
722 1840 833 1880 caput
850 1836 872 1870 5
891 1836 1032 1881 Codani,
1053 1835 1149 1880 quod
1163 1840 1216 1870 est
1231 1836 1274 1870 de
1296 1835 1497 1869 ministeriis
1513 1835 1725 1870 aulicorum.

315 1903 459 1937 LIBRI
478 1903 662 1937 TERTII
687 1903 790 1936 GAP.
842 1905 873 1938 I.
907 1903 1171 1938 Observationes
1197 1907 1232 1936 et
1263 1902 1508 1947 explicationes
1536 1901 1575 1935 in
1601 1907 1712 1946 caput
1738 1904 1771 1946 6,

494 1950 591 1993 quod
615 1955 667 1984 est
692 1951 736 1983 de
760 1949 886 1993 feriis,
1026 1950 1076 1982 ΙΙ.
1111 1949 1150 1981 in
1179 1954 1291 1992 caput
1320 1951 1362 1991 7,
1391 1948 1486 1991 quod
1513 1953 1565 1981 est
1588 1948 1632 1981 de
1650 1959 1772 1982 mensa

494 1995 739 2040 imperatoris,
877 1995 946 2030 III.
977 1994 1016 2028 in
1031 1999 1142 2039 caput
1157 1994 1196 2038 8,
1225 1994 1320 2038 quod
1339 1999 1391 2028 est
1416 1994 1460 2027 de
1486 1993 1679 2038 epiphania
1710 1995 1771 2028 do-

495 2041 600 2082 mini,
739 2039 806 2073 IV.
837 2040 874 2073 in
903 2054 931 2074 c.
961 2042 1004 2084 9,
1032 2040 1129 2084 quod
1158 2046 1211 2075 est
1233 2041 1277 2074 de
1291 2043 1388 2084 festo
1411 2041 1620 2073 adorandae
1646 2040 1772 2085 crucis,

504 2087 545 2120 V.
577 2087 615 2119 in
631 2098 662 2119 e.
684 2087 747 2130 10,
772 2087 816 2119 de
835 2089 932 2130 sesto
943 2088 1170 2132 palmarum,
1315 2086 1376 2119 VI.
1409 2085 1448 2119 in
1466 2097 1496 2118 c.
1525 2086 1586 2130 11,
1609 2087 1705 2129 quod
1721 2092 1773 2121 est

497 2133 543 2166 de
558 2133 661 2166 luctu
677 2132 923 2176 imperatoris,
1067 2132 1147 2166 VII.
1181 2131 1220 2165 in
1242 2143 1274 2168 c.
1303 2132 1367 2176 12,
1395 2132 1491 2175 quod
1514 2136 1567 2165 est
1588 2132 1631 2165 de
1655 2133 1773 2176 officio

496 2189 655 2222 magnae
683 2178 943 2222 hebdomadae,
1089 2179 1188 2212 VIII.
1211 2177 1248 2210 in
1285 2189 1316 2210 c.
1345 2179 1408 2222 13,
1442 2178 1485 2211 de
1510 2188 1709 2221 parasceue
1738 2184 1774 2213 et

495 2234 631 2268 magno
646 2224 835 2269 sabbatho,
928 2223 999 2258 IX.
1031 2225 1070 2258 in
1086 2236 1116 2258 c.
1135 2224 1197 2269 14,
1215 2224 1258 2258 de
1275 2226 1372 2267 festo
1384 2223 1560 2268 paschae,
1652 2223 1701 2257 X.
1734 2225 1774 2258 in

495 2282 526 2304 c.
557 2269 621 2314 15,
649 2270 693 2302 de
712 2270 818 2314 festis
841 2274 947 2304 eoetra
971 2271 1172 2315 palatium,
1309 2269 1378 2302 XI.
1409 2270 1447 2302 in
1470 2281 1500 2304 c.
1528 2269 1591 2313 16,
1611 2270 1707 2313 quod
1722 2275 1774 2304 est

495 2317 540 2350 de
562 2318 726 2359 fossato,
865 2316 953 2350 XII.
992 2317 1031 2350 in
1054 2329 1084 2350 c.
1111 2318 1175 2360 17,
1206 2315 1249 2349 de
1279 2315 1504 2349 coronatione
1538 2315 1774 2360 imperatoris,

496 2362 603 2396 XIII.
635 2362 672 2394 in
697 2374 728 2397 c.
752 2362 794 2396 18
819 2367 853 2395 ct
879 2364 942 2406 19,
969 2363 1013 2396 de
1038 2363 1214 2396 creatione
1240 2362 1407 2406 despotae
1431 2361 1720 2395 sebastocratoris
1739 2368 1773 2396 et

499 2408 672 2452 Caesaris,
765 2407 871 2440 XIV.
879 2406 926 2441 '’t‘n
943 2421 972 2442 c.
990 2411 1044 2452 20,
1062 2409 1105 2442 de
1121 2408 1286 2442 electione
1299 2408 1538 2452 patriarchae,
1632 2406 1718 2440 XV.
1735 2408 1775 2440 in.

495 2467 525 2489 c.
539 2455 594 2499 21,
607 2454 650 2489 de
660 2454 878 2500 lugubribus
892 2454 1114 2500 imperatoris
1134 2454 1403 2500 gesta-minibus,
1496 2452 1602 2488 XVI.
1622 2453 1662 2487 in
1672 2465 1701 2487 c.
1715 2455 1772 2491 22.
