1864 3164
252 177 348 222 218
463 178 735 223 GRETSERI
754 179 826 222 ET
845 178 1019 222 GOARI
1041 179 1477 224 COMMENTARIUS

387 281 548 330 ἔγνωμεν
569 281 737 330 λαμπρὸν
760 282 827 319 τὸν
848 279 1020 328 Χουμνὸν
1041 285 1247 321 κανικλείου

386 329 512 366 στάσιν
537 328 667 376 ἔχοντα
690 330 837 374 μείζονα
860 330 925 374 τῆς
947 326 1140 374 προτέρας,

382 375 447 412 καὶ
471 377 494 411 δ
507 373 516 386 “
545 372 620 422 μετ’
642 373 756 410 αὐτὸν
782 372 847 411 τὸν
871 372 986 410 καλὸν
1007 376 1214 422 Μετοχίτην

291 421 356 458 105
382 423 590 466 λογοθετην
610 419 797 466 μέγιστον,
825 421 957 465 σοφίας
979 421 1094 466 λῆξιν,

377 468 568 523 φοροῦντα
591 467 730 512 χρυσῆν
751 462 921 511 ἐρυθρὰν
943 463 1012 511 τὴν
1033 464 1257 513 καλύπτραν,

403 525 423 547 ν
445 514 567 555 δῶρον
593 509 693 567 αὐτῷ
717 509 954 557 σννανὲχοντι
979 510 1114 556 κράτος

374 558 470 600 αναξ
493 556 512 592 ὃ
542 560 706 603 λαμπρος
727 555 904 603 παρέσχεν
923 555 1159 602 Ἀνδρόνικος.

445 603 572 638 Ταῦτα
594 600 641 639 τοὶ
666 600 814 649 λαμπροὶ
837 604 902 648 τῆς
920 601 1020 638 κάτω
1043 603 1299 650 σκηπτουχίας,

286 649 353 684 110
374 649 572 692 προεδρίας
596 646 784 694 σχήματα,
808 645 998 695 σεμνότης,
1021 647 1128 693 δόξα,

375 691 470 739 ὅέων
493 706 533 730 τε
557 695 716 735 πλοῦτος
735 693 799 730 καὶ
820 691 937 740 πηλὸς
957 691 1170 739 ἐπηρμένος,

379 738 483 780 κόνις
507 751 547 774 τε
570 738 681 786 τύχης
702 743 782 781 τοῖς
802 737 1002 785 πνεύμασιν
1024 737 1196 782 ἀρθεῖσα.

380 783 483 826 τέλος
503 782 623 829 τάφος
645 785 831 831 τρίπηχυς.
865 780 894 820 ὦ
920 784 1002 831 βίον
1027 782 1167 830 πλάνηῑ

442 831 659 876 Φιλοσόφων
679 830 840 874 ὕπατος,
865 828 1031 876 ῥἠτόρων
1052 831 1208 876 πρῶτος,

288 877 354 913 115
377 875 622 920 δικαιοφύλαξ
649 874 716 912 σὺν
741 873 863 923 αὐτῷ,
883 873 1109 921 νομοφύλαξ,

376 921 439 957 καὶ
463 922 656 968 βασιλικῶν
677 922 749 957 τῶν
774 919 901 966 ἱερέων
925 922 1081 962 πρῶτος.

374 965 550 1011 πάρεστιν
575 965 698 1014 ἅρχων
721 964 829 1012 ἱερῶν
857 964 1053 1011 διακόνων,

372 1011 529 1048 καὶτῶν
550 1014 742 1060 μελῳδῶν,
766 1010 806 1048 οἱ
825 1010 1086 1055 πρωτοψάλται
1111 1009 1194 1056 δύο,

374 1055 448 1093 κᾶν
468 1062 550 1101 ταῖς
567 1054 713 1106 ἑορταῖς
734 1055 1025 1105 λαμπαδηφόρος
1046 1054 1167 1102 ἄλλος,

239 1165 329 1172 .-.-.

233 1249 344 1292 nuper
367 1237 524 1273 laudatus
548 1240 602 1272 est
623 1236 812 1286 καλύπτρᾳ
835 1237 921 1286 ξένῃ
945 1249 1007 1274 ceu
1028 1239 1119 1285 pileo
1139 1237 1323 1284 peregrino
1343 1242 1497 1284 ematur,
1519 1237 1578 1273 sed
1593 1237 1679 1274 alius

232 1294 291 1329 qut
317 1284 601 1328 praetorianorum
626 1285 785 1327 militum,
809 1282 1052 1330 δορυφόρων,
1084 1296 1126 1319 ac
1155 1285 1260 1329 ipsius
1293 1284 1454 1328 praetorii
1487 1285 1678 1330 praefectus

229 1329 454 1374 intelligitur,
486 1329 570 1364 sicut
591 1330 666 1364 aliis
700 1331 840 1364 vocibus
869 1328 1040 1374 ὑπάτων,
1070 1327 1324 1374 δικτατόρων,
1354 1331 1516 1374 ταμιῶν,
1547 1341 1675 1373 πατρι·

229 1375 340 1419 κίων,
361 1374 589 1419 μαγίστρων,
610 1375 751 1420 antiqua
776 1377 972 1419 consulum,
1002 1376 1218 1417 dictatorum,
1250 1379 1481 1419 quaestorum,
1512 1375 1678 1420 patricio-

228 1431 327 1463 rum,
358 1420 591 1464 magistrorum
620 1421 799 1465 dignitates
831 1426 866 1455 et
899 1421 1014 1456 officia
1043 1420 1206 1464 capimus.
1251 1417 1433 1463 πρόεδρος
1454 1425 1567 1454 tamen
1589 1419 1675 1454 anti-

226 1477 328 1511 quam
351 1465 513 1510 originem
535 1477 601 1500 non
622 1466 687 1501 sibi
709 1466 882 1505 vendicat,
905 1477 1004 1511 quem
1027 1477 1126 1500 unum
1149 1465 1287 1510 primum
1313 1476 1334 1500 a
1356 1465 1482 1499 Ioanne
1500 1465 1677 1499 Tzemisce

226 1511 342 1546 statim
366 1511 430 1546 sub
453 1511 525 1546 eius
547 1511 641 1545 vitae
661 1511 823 1558 principio
854 1511 1028 1546 Cedrenus
1065 1512 1190 1554 refert,
1219 1508 1328 1555 μήπω
1355 1508 1538 1554 πρότερον
1570 1507 1678 1550 ὄντος

224 1554 442 1601 ἀξιώματος.
485 1556 766 1591 administrandae
788 1557 995 1601 reipublicae
1024 1567 1166 1591 consors
1191 1557 1274 1599 fuit,
1309 1560 1349 1590 ut
1381 1567 1425 1590 ex
1453 1556 1610 1590 Cedreno
1641 1556 1676 1589 in

227 1602 408 1636 'l'zemisce
433 1602 556 1646 coliigo
580 1606 616 1637 et
638 1614 680 1636 ex
703 1603 754 1636 his
776 1602 932 1636 Zonarae
954 1602 1087 1643 verbis,
1120 1601 1178 1636 ubi
1206 1602 1250 1636 de
1280 1602 1407 1636 Ioanne
1429 1602 1620 1646 Logotheta
1641 1607 1677 1635 et

226 1648 449 1682 Constantino
478 1647 627 1682 Lichude
657 1648 810 1693 proedris
843 1647 1004 1682 ambobus
1037 1646 1152 1682 laudes
1186 1652 1368 1682 occurrunt
1387 1647 1422 1681 in
1443 1647 1676 1688 Monomacho,

224 1694 315 1727 iuius
345 1693 507 1748 quidem&
528 1689 585 1738 ἐφ’
621 1686 653 1740 ᾦ
683 1691 731 1738 δή
762 1693 836 1728 τῶν
858 1693 993 1727 κοινῶν
1015 1689 1240 1737 πραγμάτων
1261 1691 1444 1737 διοίκησιν
1464 1690 1485 1728 ὁ
1511 1689 1675 1738 βασιλεὺς

223 1734 445 1784 ἐποιήσατο·
483 1750 532 1783 ην
553 1734 621 1783 μὲν
643 1735 713 1783 γὰρ
745 1733 807 1773 ἐπὶ.
835 1739 909 1772 τῶν
941 1739 1134 1784 βασιλικῶν
1164 1735 1381 1782 διοικήσεων
1410 1734 1563 1785 πρῴην,
1590 1737 1675 1782 περὶ

223 1781 292 1824 τοὶς
327 1781 517 1824 πολιτικὰς
547 1782 757 1829 οἰκονομίας
788 1779 1059 1830 ἀκριβέστατος.
1114 1783 1211 1817 istius
1243 1794 1326 1817 vero
1357 1794 1430 1817 cum
1459 1784 1616 1831 μεθιστᾷ
1649 1796 1668 1818 ο

225 1826 392 1875 βασιλεὺς
412 1826 599 1874 Λιχούδην
621 1831 686 1874 τῆς
707 1830 781 1864 τῶν
812 1830 948 1863 κοινῶν
980 1826 1215 1872 διοικήσεως,
1245 1824 1448 1872 ἀντεισάγει
1481 1825 1524 1862 δὲ
1550 1825 1674 1864 Ἰωάν-

222 1887 316 1919 νην,
338 1873 402 1909 καὶ
424 1873 541 1920 τούτῳ
564 1875 637 1908 τῶν
659 1875 857 1909 πολιτικῶν
879 1871 1102 1918 πραγμάτων
1125 1869 1306 1917 ἐγχειρίζει
1326 1871 1560 1919 κυβέρνησιν.

315 1932 348 1954 v.
375 1922 450 1955 102.
474 1917 538 1955 τὸν
558 1917 748 1965 Χουμνὸν]
777 1925 961 1954 memorant
983 1920 1070 1953 hunc
1091 1921 1219 1964 scripta
1242 1919 1331 1952 circa
1353 1919 1530 1953 secundum
1554 1918 1673 1952 Codini

222 1969 325 2011 caput
347 1965 390 1999 nd
411 1965 547 1999 calcem.

313 2022 352 2045 v,
370 2011 446 2044 104.
470 2009 694 2054 Μετοχίτην]
720 2010 895 2053 Gregoras
917 2019 1017 2054 quam
1040 2010 1116 2043 fuse
1138 2009 1180 2043 de
1202 2008 1276 2043 illo:
1309 2019 1370 2043 nos
1401 2007 1446 2042 de
1476 2008 1548 2043 eius
1581 2008 1670 2054 pileo

218 2057 251 2091 in
280 2055 391 2100 capite
414 2059 589 2099 sequente.

311 2112 347 2134 v.
374 2101 451 2135 114.
476 2096 642 2143 ρητόρων
663 2099 822 2142 πρῶτος]
854 2109 981 2133 summa
1003 2098 1214 2144 imperatoris
1238 2098 1346 2132 virtus
1370 2101 1423 2132 est
1445 2101 1484 2133 ut
1505 2098 1669 2134 eruditio-

220 2147 271 2181 nis
293 2145 422 2190 copiam
451 2145 540 2178 inter
571 2144 770 2188 loquendum
802 2143 928 2177 diserte
957 2145 1064 2189 possit
1096 2143 1314 2190 profundere,
1346 2149 1382 2178 et
1410 2143 1464 2179 ius
1491 2145 1670 2190 unicuique

218 2191 366 2226 debitum
390 2195 428 2224 ut
452 2190 553 2224 facile
575 2201 758 2233 agnoscere
781 2189 830 2222 ita
863 2194 1057 2223 constanter
1091 2190 1233 2224 reddere
1262 2190 1307 2224 sit
1337 2194 1487 2235 paratus.
1532 2190 1562 2224 εἰ
1585 2191 1667 2235 quid

220 2239 338 2272 horum
362 2242 482 2270 natura
504 2235 558 2269 vel
584 2235 778 2268 exercitium
803 2234 1009 2278 denegabat,
1034 2235 1076 2268 ab
1101 2235 1176 2269 aliis
1199 2246 1338 2279 quorum
1363 2235 1572 2279 eruditione,
1596 2236 1667 2270 elo-

218 2282 375 2328 quentia,
399 2282 510 2326 legum
558 2280 655 2314 eritia
679 2291 721 2314 ac
744 2279 891 2313 iustitiae
915 2291 1030 2314 amore
1053 2280 1232 2314 duceretur
1247 2285 1282 2314 et
1297 2281 1544 2324 sublevaretur,
1568 2292 1666 2327 opem

216 2328 361 2363 mutuari
385 2339 452 2361 non
474 2292 692 2360 erubescebat
715 2325 879 2369 quondam
902 2325 936 2359 in
960 2325 1103 2359 Oriente
1126 2327 1316 2372 imperator.
1361 2326 1435 2360 τῶν
1454 2323 1667 2370 φιλοσόφων

215 2371 358 2413 ὕπατος
382 2371 567 2407 divinarum
591 2371 870 2414 humanarumque
895 2382 1006 2405 rerum
1026 2371 1216 2415 cognitione
1233 2373 1417 2406 instructus
1433 2372 1665 2415 eruditionem,

216 2417 383 2462 ρητόρων
408 2418 551 2460 πρῶτος
573 2415 706 2450 dicendi
727 2416 943 2459 facilitatem,
964 2414 1178 2460 νομοφύλαξ
1200 2417 1309 2460 legum
1332 2418 1475 2451 omnium
1498 2417 1608 2451 lumen
1623 2429 1664 2451 ac

215 2466 373 2506 ductum,
405 2460 648 2506 δικαιοφύλαξ
682 2461 826 2506 denique
858 2461 907 2494 ius
937 2462 1068 2505 legibus
1100 2463 1153 2496 vel
1185 2470 1325 2496 naturae
1354 2462 1476 2496 iudicio
1513 2462 1661 2507 agnitum

215 2514 474 2556 perseveranter
503 2506 757 2542 custodiendum
791 2508 1007 2551 suggerebat.
1056 2508 1142 2541 hunc
1175 2503 1238 2541 ἐπὶ
1268 2509 1341 2543 τῶν
1366 2509 1517 2551 κρίσεων
1537 2507 1661 2542 dictum

215 2567 296 2590 reor
313 2567 335 2590 a
359 2555 556 2589 Balsamone
577 2552 691 2598 primis
717 2552 829 2586 statim
853 2552 966 2586 verbis
989 2553 1146 2587 Meditati
1169 2553 1213 2587 de
1232 2554 1381 2588 lucensis
1403 2558 1470 2588 etc.

308 2623 341 2644 v.
371 2611 449 2646 116.
481 2610 554 2644 τῶν
577 2605 705 2652 ἴερέων
727 2608 887 2652 πρῶτος]
926 2609 1006 2642 cleri
1040 2610 1178 2654 palatini
1203 2611 1257 2644 hic
1280 2614 1355 2646 erat
1376 2609 1660 2654 archipresbyter,

220 2656 493 2701 πρωτοπαπᾶς,
517 2651 781 2698 πρωτοϊερεύςς
804 2654 848 2689 de
869 2665 933 2698 quo
958 2654 1048 2688 alibi.

308 2725 342 2747 v.
366 2713 443 2747 117.
468 2708 593 2755 ἅρχων
617 2707 725 2754 ἱερῶν
747 2707 946 2754 διακόνων]
972 2710 1051 2745 cleri
1074 2709 1220 2745 eiusdem
1241 2711 1501 2746 archidiaconus.

307 2780 343 2803 v.
369 2769 446 2805 119.
469 2764 774 2813 λαμπαδηφόρος]
798 2771 999 2811 succentor,
1023 2772 1059 2803 et
1080 2767 1138 2812 qui
1161 2770 1269 2803 facem
1292 2767 1483 2815 imperatori
1504 2768 1653 2813 pracser-

219 2819 291 2858 rct,
315 2814 358 2850 de
380 2824 447 2859 quo
470 2813 604 2849 iterum.
