1820 3178
257 179 351 228 134
454 178 735 226 GRETSERI
755 179 830 223 ET
854 175 1034 223 GOARI
1052 175 1495 222 COMMENTARIUS

359 293 485 332 Etiam
522 290 680 331 Latinae
716 288 889 328 ecclesiae
933 288 1210 340 protonotarius
1246 288 1406 327 usitatus
1443 287 1539 338 fuit,
1568 287 1634 338 qui
1671 292 1712 327 et

252 350 476 402 primicerius
499 349 749 395 notariorum3
781 347 829 384 de
853 357 929 397 quo
949 345 1035 384 vide
1056 345 1292 399 Onuphrium
1309 346 1350 384 in
1373 343 1542 398 explicat.
1579 356 1712 384 vocum

250 408 487 446 obscurarum
514 405 727 443 Ecclesiast.
1090 417 1091 420 ¹
1392 409 1397 426 ί
1487 412 1490 415 ·
1534 410 1536 415 ’

365 483 544 532 Sequitur
573 481 773 531 logotheta,
813 491 926 531 quem
957 479 1115 525 Nicetas
1159 479 1183 518 1.
1223 481 1251 521 7
1301 490 1426 528 rerum
1470 490 1494 516 a
1538 474 1714 516 Manuele

254 543 448 591 gestarum
485 538 631 579 Latinis
665 538 719 576 ait
760 549 843 575 esse
889 537 1162 588 cancellarium,
1206 534 1272 585 qui
1310 547 1334 573 a
1364 531 1538 573 'cancellis
1567 528 1715 580 'nomen

256 597 392 648 habet,
438 600 482 634 ut
526 597 649 646 ipsum
686 606 822 633 nomen
859 595 950 632 satis
980 594 1131 643 indicat.
1187 596 1265 635 erat
1311 594 1438 639 moris,
1477 587 1600 641 inquit
1640 592 1716 630 Ca-

254 654 445 694 saubonus
474 653 513 690 in
539 651 707 690 Flavium
739 651 963 702 Vopiscum,
1006 654 1048 689 ut
1070 649 1271 703 principum
1291 652 1340 686 et'
1358 643 1634 698 magistratuum
1661 661 1717 686 se·

254 714 353 749 creta
381 712 452 759 (ita
478 713 650 747 vocarunt
678 709 756 747 loca
778 708 842 746 ubi
868 707 910 746 de
929 709 1079 758 negotiis
1097 719 1164 759 pro
1184 707 1321 744 ratione
1342 707 1492 743 muneris
1507 707 1649 756 quisquc
1662 705 1720 743 sui

255 767 454 806 tractaturi
476 766 740 814 conveniebant)
761 769 801 804 in
829 765 936 803 aditu
955 767 1070 816 primo
1097 762 1179 802 vela
1208 766 1241 802 et
1268 761 1392 800 deinde
1414 761 1583 800 cancellos
1611 761 1719 799 liabe-

255 827 353 862 rent:
385 824 517 862 Graeci
545 822 605 860 hos
634 825 761 860 vocant
786 821 1010 875 κιγκλίδας,
1041 815 1315 874 δρυφάκτους,
1356 821 1398 856 ut
1423 822 1457 857 et
1489 817 1720 857 Cassiodorus

247 880 469 933 fenestratas
495 881 638 918 ianuas.
696 881 759 930 qui
786 878 866 917 vela
898 879 1112 927 servabant,
1138 876 1270 915 velaria·
1299 874 1410 922 dicti,
1445 876 1509 927 qui
1538 873 1721 924 cancellos,

254 936 471 975 cancellarii.
526 948 596 974 vox
624 948 695 974 non
717 934 899 974 admodum
920 937 1095 986 antiqua,
1128 946 1190 971 nec
1208 931 1318 970 multo
1349 934 1432 970 ante
1471 932 1606 983 Vopisci
1631 935 1720 969 tem-

251 1006 343 1045 pora
370 996 488 1045 coepta
514 995 694 1044 usurpari.
752 992 1037 1030 cancellariorum
1067 989 1298 1042 praecipuum
1328 1000 1453 1026 munus
1482 991 1559 1026 erat
1591 991 1633 1026 ut
1672 986 1722 1026 ad

256 1049 430 1088 cancellos
457 1050 653 1096 haererent,
684 1048 911 1087 admissiones
936 1051 1118 1095 curarent,
1145 1050 1178 1084 et
1192 1059 1235 1083 ne
1256 1045 1344 1096 qaid
1365 1041 1557 1092 tilmultus,
1584 1047 1626 1082 ut
1633 1045 1724 1096 fieri

258 1110 358 1145 amat
374 1108 413 1144 in
437 1107 564 1154 turba,
593 1105 779 1144 audiretur
793 1107 1040 1156 prospicerent.
1096 1102 1312 1153 simillimum
1330 1113 1463 1140 ‘munus
1484 1101 1584 1139 hodie
1603 1103 1642 1139 in
1660 1114 1723 1139 cu-

258 1165 317 1202 ria
345 1176 459 1201 eorum
482 1165 545 1213 qui
573 1165 715 1200 ostiarii
737 1162 925 1207 dicuntum·
954 1173 1061 1212 quare
1086 1163 1128 1197 ut
1147 1171 1203 1204 re,
1227 1160 1280 1196 sic
1299 1161 1333 1196 et
1348 1158 1485 1196 no'mine
1502 1159 1722 1206 conveniunt,

260 1220 354 1271 quod
376 1222 581 1270 acceperunt
602 1219 642 1257 ln·
667 1219 711 1256 ab
736 1220 845 1263 ostio,
881 1218 941 1255 illi
963 1231 988 1255 a
1017 1215 1181 1255 cancellis
1202 1217 1266 1266 qui
1279 1227 1344 1265 pro
1357 1217 1445 1252 ostio
1463 1217 1576 1253 crant.
1632 1213 1724 1252 haec

261 1276 368 1326 origo
399 1276 578 1325 nominis,
622 1275 725 1324 quod
757 1287 930 1312 successu
953 1273 1131 1324 temporis
1157 1271 1404 1322 amplissimae
1424 1270 1617 1321 dignitatis
1644 1274 1724 1309 tam

261 1333 302 1370 in
323 1331 477 1370 ecclesia
504 1344 616 1381 quam
642 1332 681 1369 in
712 1344 843 1382 regum
867 1335 906 1368 et
929 1331 1136 1381 principum
1162 1328 1255 1366 aulis
1277 1327 1452 1365 indicium
1477 1339 1560 1365 esse
1591 1327 1724 1379 eoepit.
1788 1369 1791 1371 μ

261 1389 348 1427 vide
371 1389 607 1440 Onuphrium
625 1387 686 1426 lib.
712 1387 784 1426 iam
805 1388 952 1439 saepius
981 1383 1118 1438 citato,
1145 1389 1184 1425 et
1206 1384 1396 1430 Cuiacium
1414 1384 1454 1423 in
1468 1382 1657 1423 Paratitlis
1675 1383 1726 1423 ad

262 1446 325 1484 lib.
356 1447 379 1487 1
403 1446 485 1484 cod.
505 1445 721 1483 Iustinianei
738 1445 796 1483 tit.
826 1445 892 1487 51.
1302 1454 1305 1456 '
1328 1444 1329 1448 ’
1720 1440 1722 1445 ’

378 1523 590 1562 Redeamus
624 1525 673 1562 ad
707 1522 961 1574 logothetam3
1004 1522 1071 1572 qui
1113 1534 1138 1560 a
1168 1521 1352 1574 ponendis
1386 1533 1454 1574 seu
1485 1519 1726 1561 discutiendis

263 1581 469 1619 rationibus
521 1582 594 1619 hoc
629 1593 765 1618 nomen
797 1581 920 1619 traxit.
977 1580 1063 1618 hinc
1092 1579 1271 1617 discussor
1309 1580 1483 1616 rationum
1512 1590 1539 1622 a
1573 1576 1728 1627 quibus-,-

265 1639 352 1676 dam
403 1637 630 1689 appellatum
670 1641 712 1675 et
757 1638 855 1675 forte
901 1649 980 1674 non
1010 1635 1105 1674 male
1148 1634 1357 1674 rationalem
1392 1633 1606 1684 vocaveris,
1655 1633 1728 1672 etsi

263 1695 454 1733 rationalis
477 1693 640 1744 generali
666 1694 819 1731 notione
856 1694 975 1743 quivis
1010 1696 1229 1744 procurator
1267 1691 1422 1742 dicitur,
1460 1694 1504 1728 ut
1537 1690 1648 1728 docet
1667 1690 1729 1729 ,ad

264 1750 522 1802 Lampridium
555 1755 596 1789 et
626 1750 879 1801 Capitolinum
916 1750 1173 1788 Casaubonus.
1229 1748 1297 1786 sed
1322 1747 1374 1786 nil
1394 1750 1497 1785 vetat
1519 1745 1730 1797 generalem

264 1809 456 1846 notionem
493 1807 740 1857 restringere,
781 1807 1000 1858 praesertim
1041 1819 1125 1844 cum
1154 1805 1323 1843 Codinus
1366 1804 1467 1842 dieat
1498 1802 1760 1853 logothetam·

266 1877 349 1902 esse
379 1865 437 1912 εἷς
466 1863 511 1904 τό
533 1867 816 1916 λογογραφεῖν,
856 1864 905 1902 ad
935 1863 1166 1914 conficiendas
1195 1866 1228 1899 et
1253 1861 1456 1899 scribendas
1478 1863 1512 1898 et
1535 1860 1732 1898 discutien-

269 1922 336 1959 das
359 1924 525 1960 rationes.
583 1920 666 1958 talis
688 1921 856 1970 profecto
882 1932 950 1958 nec
977 1919 1072 1957 male
1099 1931 1168 1956 nee
1202 1917 1363 1955 absurde
1387 1915 1576 1966 rationalis
1601 1915 1732 1967 appel-

268 1976 417 2015 labitur.
473 1977 559 2014 hinc
596 1977 708 2014 etiam
737 1989 813 2014 non
838 1977 964 2026 inepte
995 1974 1242 2026 appellabitur
1273 1967 1544 2025 λογογράφοςε
1578 1971 1611 2009 si
1633 1972 1732 2010 enim
1769 1996 1774 1998 f

269 2034 347 2071 eius
373 2037 431 2071 est
462 2036 745 2085 λογογραφεῖν,
786 2045 850 2069 cur
877 2045 955 2070 non
979 2028 1086 2080 παρεὶ
1116 2027 1159 2070 τὰ
1192 2032 1455 2082 λογογραφεῖν
1483 2028 1734 2079 appellaretur

269 2085 551 2142 λσγογράφοςέ)
607 2101 685 2126 non
717 2089 868 2138 ignarus
897 2101 979 2126 sum
1015 2087 1104 2137 quid
1138 2087 1177 2124 in
1205 2086 1330 2124 codice
1351 2085 1576 2134 Iustinianeo
1594 2084 1656 2123 lib.
1681 2087 1733 2127 10

204 2195 208 2198 ᾖ
269 2147 294 2185 l.
324 2148 345 2186 1
378 2147 425 2184 de
457 2145 697 2196 logographis
734 2147 975 2194 decernatur,
1026 2148 1066 2182 et
1102 2144 1192 2192 quid
1227 2144 1277 2181 ad
1307 2141 1407 2180 illam
1444 2153 1594 2192 quoque
1612 2141 1734 2191 legem

272 2203 400 2241 tradat
439 2202 629 2240 Cuiacius:
669 2202 737 2239 sed
767 2214 836 2239 nos
876 2201 1202 2239 ecclesiasticarum
1237 2200 1420 2237 duntaxat
1444 2197 1735 2249 appellationum

272 2260 348 2299 vim
377 2263 416 2298 et
443 2259 623 2309 originem
643 2258 715 2296 hoc
736 2257 818 2296 loco
843 2257 1064 2308 indagamus
1090 2261 1128 2294 et
1149 2269 1219 2308 pro
1237 2256 1374 2294 viribus
1394 2255 1628 2307 explicamus.

369 2347 404 2381 p.
429 2335 453 2370 4
473 2347 509 2369 v.
528 2335 582 2370 14.
612 2330 633 2368 ὁ
651 2331 868 2378 λογοθέτης]
906 2334 991 2367 haec
1016 2333 1059 2367 de
1083 2332 1141 2366 illo
1163 2331 1350 2366 Allatianat
1379 2327 1400 2366 ὁ
1417 2327 1620 2376 λογοθέτης
1639 2327 1736 2364 ὑπο-

278 2382 425 2425 κρατῶν
451 2377 521 2425 τὴν
548 2381 707 2426 βοῦλλαν
729 2380 796 2413 τοῦ
821 2375 1036 2423 ἀρχιερέως,
1067 2378 1131 2412 καὶ
1156 2378 1196 2412 εἴ
1211 2390 1246 2413 τι
1266 2373 1315 2412 ἂν
1340 2374 1474 2422 γράφει
1490 2374 1510 2411 ὁ
1535 2373 1735 2422 ἀρχιερεύς,

277 2427 515 2471 σφραγίζετοιι
528 2423 614 2470 παρ’
629 2422 757 2459 αὐτοῦ.
806 2421 940 2469 ὁμοίως
955 2423 1018 2459 καὶ
1042 2422 1094 2464 εἰς
1114 2424 1239 2457 πᾶσαν
1260 2424 1407 2458 εἴσοδον
1433 2434 1499 2466 της
1521 2419 1735 2465 ἐπισκοπῆς.

277 2472 354 2507 ἔστι
380 2471 422 2507 δὲ
450 2471 513 2506 καὶ
538 2469 591 2512 εἰς
611 2468 678 2511 τὰς
704 2470 847 2514 κρίσεις.
896 2475 1076 2515 praeterea
1091 2470 1236 2511 κρατῶν
1251 2465 1395 2503 καὶτὸν
1410 2468 1538 2502 δίσκον
1562 2464 1652 2512 ueto?
1669 2465 1738 2502 τοῦ

277 2517 387 2564 ἁγίου
403 2515 612 2560 ἄντιδώρου
627 2515 667 2552 ἐν
683 2517 728 2563 τῇ
743 2513 912 2561 ἐκκλησίᾳ
925 2542 935 2559 ,
961 2513 1159 2559 διδομένου
1177 2516 1243 2549 τοῦ
1266 2514 1522 2549 nazanzenus»
1543 2509 1647 2557 παρὰ
1670 2511 1739 2546 τοῦ

281 2562 490 2609 αρχιερέως.
538 2564 637 2609 quale
652 2563 863 2608 patriarchae
878 2562 1018 2605 sigillum
1036 2567 1070 2595 et
1084 2561 1193 2606 qualis
1209 2561 1310 2595 suerit
1326 2561 1398 2594 eius
1414 2559 1630 2604 subscriptio,
1653 2558 1739 2591 haec

280 2611 355 2644 loca
371 2607 410 2644 ἐκ
427 2611 500 2644 τῶν
517 2607 745 2654 σημειώσεων
760 2606 823 2643 καὶ
838 2607 1016 2650 σιγιλλίων
1028 2632 1038 2649 ,
1063 2619 1102 2641 cx
1124 2608 1268 2650 publicis
1284 2606 1518 2641 instrumentis
1533 2610 1567 2639 et
1582 2604 1737 2638 brevibus

280 2658 451 2702 sigillatis
463 2682 473 2696 ‚
499 2657 728 2690 demonstrant
752 2653 839 2689 Iuris
860 2654 928 2687 GR
944 2665 978 2698 p.
996 2654 1064 2688 236
1078 2664 1087 2686 t
1115 2650 1167 2691 εἰς
1180 2652 1322 2696 εἴδησιν
1337 2647 1409 2696 εἶχε
1422 2647 1464 2685 τὸ
1476 2647 1564 2695 μηνὶ
1581 2645 1738 2693 Ἰουνίῳ,

280 2698 522 2746 ἐπινεμήσεως
536 2699 723 2746 πέμπτης,
742 2696 805 2735 διὰ
833 2700 899 2743 τῆς
922 2699 1188 2742 πατριαρχικῆς
1213 2696 1276 2731 καὶ
1297 2697 1406 2736 θείας
1434 2694 1565 2740 χειρός.
1611 2690 1740 2740 ἀπῃώ-

282 2760 374 2791 ρητο
391 2745 432 2782 δὲ
447 2747 509 2781 καὶ
524 2746 697 2782 κάτωθεν
714 2745 906 2801 μολιβδίνη
925 2744 1060 2790 βοῦλλα
1072 2769 1082 2787 ,
1110 2741 1244 2787 ἔχουσα
1261 2737 1302 2777 ἒν
1322 2738 1390 2787 μὲν
1405 2742 1458 2785 τῷ
1474 2735 1528 2797 ἑνὶ
1553 2735 1654 2783 μέρει
1669 2735 1740 2782 τὴν

281 2793 488 2838 ὑπεραγίαν
504 2791 690 2828 θεοῖό-,ιον
705 2794 892 2834 παλαμαις
915 2787 1104 2834 φέρουσαν
1126 2786 1191 2823 τὸν
1214 2786 1342 2832 κύριον
1361 2785 1464 2832 ἡμῶν
1497 2786 1629 2830 [ησοῦν
1650 2785 1741 2827 Χρι-

283 2837 393 2884 στόν,
422 2836 462 2875 ἐν
482 2836 523 2874 δὲ
542 2841 594 2886 τῷ
616 2835 726 2887 ἑτέρῳ
743 2838 939 2884 γράμματα
966 2836 1083 2871 ταῦτα
1106 2831 1324 2880 (ιΓερμανός
1346 2828 1434 2880 ἑλέφ
1457 2831 1553 2868 θεοῦ
1575 2827 1740 2877 dextant-
