1832 3178
270 211 334 259 42
688 208 884 258 comm
916 195 1325 258 GUROPALATAE’
1348 211 1350 213 ·

268 327 367 378 λε’ως
396 327 500 370 κατὰ
531 325 748 372 θάλασσαν
777 314 1062 386 στρατεύοντος
1092 326 1205 385 ἄρχει
1237 319 1355 379 οὗτος
1381 333 1456 371 τοῦ
1485 329 1530 371 τὸ
1556 326 1720 382 βεστιά-

267 412 355 452 ριον
389 396 579 453 φέροντος
615 397 808 455 κατέργου
818 428 832 448 ,
872 397 1095 440 ἀκολουθεῖ
1120 413 1163 440 τε
1197 394 1363 440 κατόπιν
1399 400 1473 440 τοῦ
1507 401 1721 451 βασιλικοῦ

267 464 474 521 κατέργου.

395 531 445 575 Ὁ
467 530 724 590 ἕταιριάρχης
741 530 933 590 ὗπηρετεΐ
945 532 1018 588 μὲν
1039 533 1095 583 εἷς
1113 531 1186 587 τὴν
1202 529 1479 589 παράστασιν,
1508 530 1564 582 ὥς
1582 532 1717 590 προεῖ-

217 611 247 646 c
271 618 389 659 ρηται
398 632 412 652 ,
443 607 707 658 συνυπηρετεῖ
721 601 765 644 δὲ
785 602 850 644 καὶ
869 606 926 661 τῷ
945 596 1107 661 μεγάλῳ
1125 598 1357 658 ἕταιριάρχῃ
1372 598 1472 659 ὑπὲρ
1491 604 1572 644 τῶν
1590 611 1750 658 προσ-5

267 667 419 727 <phyton
701 706 702 709 ,
896 663 898 665 V

396 735 446 779 ‘0
476 740 548 791 τῆς
581 736 707 792 αὐλῆς
733 735 1001 793 λογαριαστὴς
1028 737 1222 792 λογίζεται
1241 735 1337 786 τοὺς
1356 737 1398 779 ἓν
1416 739 1466 792 τῇ
1489 735 1594 793 αὐλῇ
1609 733 1718 792 εὕρι-

267 804 484 859 σκομένους
511 802 666 856 πάντας
691 803 913 862 ῥογάτορας
922 837 935 856 ,
970 807 1006 847 εἲ
1023 806 1144 848 λείπει
1165 806 1241 848 τινὶ
1261 804 1340 847 ἀπὸ
1359 809 1432 860 τῆς
1450 803 1574 863 ῥόγας
1592 804 1718 847 αὐτοῦ

263 872 291 928 ἢ
313 871 586 924 ἒξεὸούλευσεν
603 871 703 930 ὑπὲρ
723 868 778 917 ὧν
796 871 1007 931 ἔρογεῦθη.

400 939 762 999 Στρατοπεδάρχης
785 945 865 985 τῶν
887 938 1204 996 μονοκαβάλλων
1226 937 1461 997 ὑπηρέτημα
1484 937 1561 994 εἶχε
1582 945 1713 984 τοιοῦ-
1728 949 1772 985 10

265 1025 348 1052 τον.
415 1004 520 1064 ἦσαν
550 1012 592 1053 ἓν
617 1016 703 1061 τοῖς
726 1010 830 1052 κατὰ
856 1010 1018 1064 θέματα
1037 1007 1173 1058 τόποις
1198 1007 1416 1066 φωσσάτου
1436 1007 1642 1064 τάγματα,
1677 1009 1717 1052 οἳ

265 1078 340 1132 μὲν
359 1082 693 1135 μεγαλοαλογῖται
711 1077 994 1133 ὀνομαζόμενοι
1003 1109 1016 1129 ,
1046 1077 1084 1120 οἱ
1104 1078 1147 1119 δὲ
1165 1074 1425 1133 τρικάβαλλοι
1435 1108 1449 1128 ,
1481 1077 1517 1118 οἳ
1538 1077 1582 1119 δὲ
1600 1075 1715 1119 ὁρκά-

263 1150 409 1199 βαλλοι
419 1178 433 1198 ,
467 1148 534 1188 καὶ
554 1147 679 1203 ἕτεροι
699 1144 1010 1201 μονοκάβαλλοι.
1076 1137 1125 1199 ἦν
1145 1139 1216 1187 οὗν
1238 1139 1355 1195 οὗτος
1374 1143 1396 1186 ὁ
1413 1143 1714 1203 στρατοπεδάρ-

260 1231 338 1269 χης
359 1214 600 1272 φροντιστὴς
619 1217 686 1256 καὶ
710 1214 946 1269 ἐπιμελητὴς
966 1212 1100 1268 μόνων
1121 1217 1202 1255 τῶν
1221 1210 1548 1267 μονοκαβάλλων.

209 1291 242 1325 D
392 1280 442 1324 ‘O
470 1285 550 1324 τῶν
576 1281 879 1340 τζαγγρατόρων
905 1281 1256 1339 στρατοπεδάρχης
1284 1282 1502 1338 φροντίζων
1523 1278 1714 1332 ὡσαύτως
1725 1289 1768 1325 15

260 1352 328 1392 καὶ
359 1349 665 1406 ἐπιμελούμενος
693 1350 868 1404 τούτων,
902 1352 969 1393 καὶ
1000 1348 1023 1393 ὃ
1052 1355 1133 1393 τῶν
1154 1347 1392 1407 μουρτάτων
1412 1347 1713 1407 στρατοπεδάρ-

252 1435 333 1473 χης
356 1416 516 1472 ὁμοίως.

390 1484 440 1529 ‘O
474 1485 826 1544 στρατοπεδάρχης
861 1491 940 1529 τῶν
971 1483 1170 1538 τζακόνων
1200 1485 1438 1538 ἐπιμελεῖται
1467 1489 1548 1527 τῶν
1579 1487 1634 1535 εἷς
1660 1485 1713 1527 τὰ

259 1553 415 1611 κάστρα
437 1553 725 1610 εὖρισκομένων
748 1553 957 1611 φυλάξεων
967 1586 980 1605 ,
1011 1555 1150 1603 οἵτινες
1169 1551 1351 1604 τζάκονες
1371 1551 1645 1607 ὀνομάζονται.

389 1620 439 1664 ‘0
459 1622 770 1679 προκαθήμενος
789 1626 868 1665 τῶν
882 1619 1064 1677 μεγάλων
1080 1622 1284 1663 παλατίων
1304 1622 1542 1676 ἐπιμελητὴς
1562 1622 1707 1674 αὐτῶν,
1719 1630 1765 1664 20

1785 1197 1803 1205 a

258 1692 324 1733 καὶ
344 1695 423 1734 τῶν
444 1694 687 1748 Βλαχερνῶν
705 1692 908 1734 παλατίων
930 1687 1121 1740 ὡσαύτως
1140 1687 1460 1747 προκαθήμενος.

348 1833 372 1867 2
395 1835 474 1877 post
495 1828 673 1875 κατέργου
692 1830 721 1864 Ρ
742 1825 822 1872 ἥως
843 1827 1017 1874 τριήρεως
1151 1830 1174 1863 9
1187 1824 1221 1872 ἢ
1245 1828 1281 1863 εἰ
1299 1826 1511 1864 ἐδούλευσεν
1531 1830 1584 1873 Α,
1607 1825 1633 1872 ἢ
1657 1830 1710 1871 εἰς

346 1878 537 1958 (Ξὲὶύλίξέσιν
558 1875 588 1909 Β
740 1876 783 1910 12
803 1876 1126 1920 μεγαλοοιλλαγῖται
1146 1886 1263 1919 margo
1285 1875 1315 1909 P
1464 1877 1509 1911 21
1534 1873 1710 1916 αἱσαῦτως

254 2048 420 2085 ditionem
443 2045 608 2081 marinam
632 2044 796 2090 suscipit,
825 2045 894 2079 iste
918 2046 1055 2090 praeest
1077 2043 1211 2078 triremi
1236 2055 1326 2088 quae
1346 2042 1547 2079 vestiarium
1572 2044 1707 2091 (impe-

255 2094 407 2137 tatoris)
431 2093 540 2127 vehit.
590 2103 679 2137 pone
703 2091 860 2136 sequitur
881 2091 1057 2125 triremem
1079 2090 1350 2135 imperatoriam.

326 2137 597 2173 .Hetaeriarcha
627 2136 782 2182 quidem,
818 2142 855 2170 ut
878 2142 958 2170 ante
982 2136 1110 2170 dictum
1133 2141 1205 2179 est,
1239 2136 1284 2170 ad
1307 2135 1619 2170 circumstationem
1643 2136 1707 2170 mi-

255 2186 394 2220 nistrat.
442 2183 541 2218 simul
571 2187 685 2216 autem
718 2193 793 2216 cum
826 2193 948 2226 magno
980 2181 1218 2216 hetaeriarcha
1252 2192 1367 2215 curam
1393 2181 1486 2226 gerit
1508 2193 1625 2216 eorum
1647 2182 1707 2227 qui

251 2231 423 2276 refugium
443 2234 626 2274 quaerunt.

345 2276 569 2320 Logariastes
601 2272 700 2307 aulae
731 2277 888 2307 numerat
919 2276 956 2306 et
986 2275 1161 2317 computat
1196 2284 1313 2306 omnes
1338 2271 1463 2306 milites
1485 2271 1545 2316 qui
1568 2271 1605 2306 in
1629 2273 1708 2307 aula

252 2321 428 2367 stipendia
458 2325 611 2360 merent3
645 2323 680 2352 et
715 2318 857 2364 dispicit
891 2329 967 2352 num
1001 2317 1084 2362 quid
1111 2317 1214 2351 alicui
1237 2318 1280 2352 de
1303 2317 1477 2363 stipendio
1501 2318 1612 2363 desit,
1647 2323 1708 2352 aut

251 2380 332 2403 num
357 2367 456 2413 plene
479 2364 693 2400 satisfecerit
715 2375 777 2409 pro
803 2363 976 2409 stipendio
1000 2364 1092 2408 quod
1116 2363 1264 2408 accepit.

345 2410 639 2457 Stratopedarcha
673 2409 817 2443 miiitum
849 2409 909 2453 qui
938 2420 1006 2442 uno
1039 2409 1147 2442 solum
1181 2420 1269 2452 equo
1306 2413 1471 2454 utuntur,
1513 2408 1705 2443 huiusmodi

252 2471 373 2494 munus
406 2458 525 2503 gessit.
574 2460 675 2490 erant
703 2455 739 2488 in
769 2454 855 2488 locis
883 2454 1068 2488 thematum
1096 2454 1268 2488 exercitus
1292 2455 1448 2498 agmina,
1482 2465 1623 2500 quorum
1647 2454 1706 2488 alii

253 2505 515 2549 appel}abantur
536 2501 855 2545 μεγαλοαλογῖται,
890 2499 949 2533 alii
973 2511 994 2532 a
1016 2499 1127 2534 tribus
1151 2501 1249 2543 equis
1272 2499 1466 2543 tricabani,
1491 2499 1550 2534 alii
1573 2511 1594 2534 a
1617 2501 1705 2534 duo-

251 2553 317 2584 bus
349 2548 532 2591 dicabassi,
565 2547 625 2581 alii
653 2547 696 2581 ab
726 2557 794 2580 uno
818 2544 1055 2580 monocaballi.
1103 2550 1139 2580 et
1161 2545 1221 2579 isti
1243 2545 1308 2579 soli
1331 2545 1553 2590 pertinebant
1575 2546 1619 2580 ad
1642 2557 1703 2579 cu-

250 2607 323 2630 ram
350 2593 670 2640 stratopedarchae.

342 2642 617 2684 Tzangratorum
651 2649 767 2672 curam
796 2635 955 2670 similiter
984 2635 1077 2680 gerit
1105 2646 1221 2670 eorum
1253 2635 1558 2682 stratopedarcha,
1598 2639 1637 2669 ut
1667 2639 1703 2670 et

251 2691 476 2720 murtatorum
498 2685 682 2719 eorundem
703 2681 1000 2727 stratopedarcha.

344 2731 640 2775 Stratopedarcha
670 2729 869 2763 Tzaconum
891 2733 1030 2762 curator
1052 2731 1108 2761 est
1129 2726 1360 2762 custodiarum
1383 2725 1421 2760 in
1445 2724 1610 2768 urbibus,
1643 2725 1703 2770 qui

252 2777 434 2812 Tzacones
458 2777 687 2809 nominantur.

345 2822 492 2856 Praeses
520 2831 718 2864 magnorum
748 2818 950 2865 palatiorum
978 2817 1098 2851 eadem
1127 2816 1258 2862 palatia
1285 2818 1349 2853 sub
1381 2827 1444 2851 sua
1474 2826 1556 2851 cura
1587 2815 1702 2858 habet,

252 2875 290 2904 ut
314 2873 350 2904 et
373 2878 515 2914 praeses
538 2867 742 2912 palatiorum
764 2876 853 2911 quae
874 2868 953 2900 sunt
972 2863 1008 2898 in
1031 2862 1246 2898 Blachernis.
