1864 3164
335 176 433 228 384
468 178 741 226 GRETSERJ
762 178 834 227 ET
853 178 1031 227 GOARI
1051 178 1341 227 COMMENT.
1361 181 1421 228 IN
1440 182 1711 228 CODINUM.

732 402 1386 461 CAPUTXVII.

439 529 695 614 Nicephorus
734 562 922 614 Gregoras
957 574 1027 602 sua
1061 562 1100 601 in
1141 562 1295 602 historia
1330 574 1462 615 pamm
1504 563 1619 602 amico
1659 563 1780 601 animo

328 627 400 666 fuit
427 627 466 665 in
494 625 746 666 Andronicum
786 627 965 665 iuniorem
1000 627 1258 678 imperatorem
1295 630 1335 666 et
1370 627 1410 665 in
1436 626 1614 665 Ioannem
1640 625 1782 664 Canta-

327 695 505 723 cuzenum
532 696 709 734 magnum
737 684 1000 732 domesticum3
1029 685 1076 722 de
1111 696 1186 734 qua
1214 684 1405 735 Gregorae
1438 684 1636 733 iniquitate
1661 685 1783 721 exstat

324 740 474 792 publica
491 741 718 790 querimonia
732 740 983 779 Cantacuzeni
1010 740 1033 779 l.
1063 738 1090 780 4
1117 754 1148 780 c.
1177 739 1231 783 24
1259 744 1298 779 et
1323 740 1390 782 25.
1427 752 1497 778 nec
1521 739 1675 789 mirum,
1697 738 1784 788 quia

324 797 551 846 sequebatur
583 800 711 848 partes
751 795 955 836 Andronici
990 797 1165 847 senioris,
1201 797 1259 834 cui
1294 796 1567 835 addictissimus
1605 798 1685 833 erat
1722 798 1783 832 ut-

323 857 415 905 pote
443 851 607 905 plurimis
636 853 820 892 beneficiis
849 854 897 892 ab
921 853 984 892 illo
1011 853 1165 891 affectus
1189 857 1228 891 et
1254 853 1399 904 magnis
1429 852 1631 892 honoribus
1659 863 1784 890 cumu-

325 910 436 949 latus.
465 910 636 959 quocirca
663 910 843 948 calamum
870 910 1058 948 continere
1085 922 1161 947 non
1175 910 1318 960 potuit,
1347 922 1422 958 quo
1440 909 1561 947 minus
1583 907 1784 957 aliquando

324 965 578 1005 Andronicum
618 966 797 1005 iuniorem
837 970 876 1004 et
914 966 1217 1005 Cantacuzenum
1257 966 1477 1005 mordaciter
1517 965 1785 1017 perstringeret

323 1027 364 1061 et
391 1022 590 1061 calumnias
613 1023 652 1061 in
679 1023 828 1062 chartas
856 1022 1084 1070 effunderet3
1117 1023 1157 1060 in
1185 1034 1342 1072 quorum
1365 1034 1558 1060 numerum
1583 1021 1616 1058 si
1645 1020 1782 1058 referas

323 1080 490 1129 geminas
519 1079 600 1118 illas
642 1080 690 1118 de
724 1078 938 1118 Andronico
964 1079 1105 1118 iuniore
1132 1078 1388 1130 narrationes,
1416 1077 1549 1128 quibus
1587 1089 1694 1116 suam
1727 1075 1783 1114 hi-

324 1136 478 1177 storiam
505 1136 665 1190 claudit,
692 1135 835 1189 absque
856 1135 990 1178 iniuria
1017 1135 1232 1188 Gregorae,
1258 1136 1329 1177 nisi
1355 1133 1484 1187 fallor,
1506 1134 1547 1173 id
1574 1133 1650 1173 fiet.
