1864 3164
280 142 376 222 278
491 176 766 221 GRErsssm
786 175 858 219 Er
882 174 1056 220 Gonu
1079 173 1519 220 commEN'rAmus

279 282 369 324 τρίς.
413 279 466 325 εἰς
487 277 605 318 πολλοὶ
629 279 704 327 ἔτη.
751 280 839 326 τρίς.
884 277 938 322 εἰς
967 275 1010 316 δὲ
1029 274 1100 324 τὴν
1125 275 1310 324 τράπεζαν
1331 273 1474 358 εἷῗεται
1496 276 1624 321 οὕτως.
1671 276 1726 322 εἰς

281 326 324 363 τό
352 326 617 374 πολυχρόνιον,
652 324 769 372 ζωήν,
793 325 848 370 elo
876 338 965 371 νην,
995 323 1123 372 ὑγείαν
1150 323 1213 360 καὶ
1243 335 1360 370 σωτηρ
1377 336 1425 360 αν
1448 327 1517 362 τοῦ
1539 337 1726 371 παναγιω-

281 372 398 410 τάτου
423 373 526 419 ἡμῶν
547 370 727 408 δεσπότου
751 370 816 406 καὶ
836 383 856 406 ο
874 372 1093 417 κονμενικοῦ
1114 366 1353 415 πατριάρχου.

392 435 428 474 p.
447 423 499 464 45
518 435 552 459 v.
567 423 604 462 2.
631 422 733 458 cuius
749 420 930 472 lampadis
956 419 1041 470 ete]
1062 422 1183 457 exstat
1197 418 1234 457 Τ
1235 419 1386 457 heodori
1403 418 1632 457 Balsamonis
1650 431 1728 456 me-

281 478 355 516 lete
377 491 442 516 seu
474 477 692 527 disceptatio
718 478 765 514 de
790 476 861 515 hoc
884 488 985 515 more
1005 475 1216 526 imperatori
1247 475 1477 526 praeferendi
1506 474 1728 526 lampadem,

282 539 325 572 ut
347 538 386 572 et
404 533 623 585 imperatrici
648 537 686 571 et
705 533 868 582 quinque
898 531 1131 583 patriarchiS,
1158 530 1328 569 Romano
1355 530 1556 583 Cpolitano
1569 529 1729 570 Alexan-

281 591 388 629 drino
425 589 657 627 Antiocheno
705 587 1051 638 Hierosolymitam.
1102 587 1155 625 ait
1199 586 1412 638 imperatori
1453 586 1637 637 duplicem
1679 587 1728 625 ob

282 658 430 684 causam
472 645 647 696 praeferri
681 644 910 695 lampadem,
952 648 1031 682 tum
1072 643 1159 693 quia
1187 642 1346 681 humana
1377 646 1458 681 tum
1488 642 1575 691 quia
1605 642 1730 682 divina

283 705 412 751 curat,
440 704 589 750 tamque
616 714 661 739 ea
685 712 781 751 quae
806 701 855 738 ad
891 712 1023 751 corpus
1057 712 1166 750 quam
1193 711 1237 736 ea
1264 710 1359 749 quae
1388 698 1438 736 ad
1466 698 1622 737 animam
1647 711 1732 750 per-

282 759 403 796 tinent
425 757 550 809 (huius
577 757 674 795 enim
693 757 859 807 geminae
882 756 1079 808 potestatis
1101 755 1335 794 concessione
1368 753 1651 792 blandiebantur
1672 767 1732 793 re-

282 813 463 853 centiores
490 814 620 851 Graeci
643 814 719 850 suis
742 811 1054 864 imperatoribus),
1073 823 1189 860 eaque
1208 811 1254 848 de
1277 822 1388 848 causa
1405 809 1593 861 lampades
1616 812 1733 861 impe-

283 869 416 907 ratoris
451 870 656 921 duplicibus
689 869 807 907 aureis
842 869 985 907 coronis
1014 868 1150 905 cinctas
1187 879 1287 914 esse;
1323 866 1612 918 patriarcharum
1642 878 1732 905 vero

282 925 495 976 lampades,
532 930 576 964 ut
605 929 643 963 et
676 924 939 975 imperatricis,
978 936 1052 961 una
1081 927 1247 972 tantum,
1283 935 1326 960 eo
1365 922 1466 972 quod
1503 922 1734 974 patriarchae

282 981 528 1031 spiritualium
555 981 812 1020 tantummodo
838 992 961 1018 curam
986 979 1169 1029 habeant,
1197 977 1364 1016 mulieres
1393 978 1612 1029 temporalia
1637 979 1734 1016 dun-

285 1042 390 1075 taxat
407 1042 596 1088 spectent,
625 1038 762 1088 quippe
781 1036 913 1086 quibus
934 1036 973 1074 in
989 1035 1140 1074 ecclesia
1158 1035 1290 1072 docere
1306 1034 1541 1072 interdictum
1559 1035 1620 1073 sit.

398 1095 581 1134 Videntur
599 1100 722 1134 autem
741 1095 833 1134 haec
851 1107 961 1132 aurea
978 1093 1035 1132 vel
1051 1098 1227 1143 argentea
1246 1090 1550 1143 στεφανώματα,
1579 1096 1623 1130 ut
1643 1091 1736 1131 Bal·

285 1164 415 1190 samon
448 1155 579 1203 vocat,
620 1156 659 1190 et
689 1147 965 1204 θριγγώματα,
1003 1162 1161 1188 coronae
1194 1150 1233 1186 in
1262 1161 1401 1187 morem
1427 1148 1590 1199 lampadi
1622 1149 1738 1188 fuisse

287 1208 481 1258 imposita,
508 1207 567 1245 vel
587 1211 709 1258 certe,
739 1208 840 1259 quod
871 1202 1146 1259 θριγγῶματος
1174 1218 1309 1242 nomen
1337 1205 1460 1256 potius
1481 1204 1636 1254 suadet,
1663 1205 1738 1255 ipsi

284 1263 446 1314 lampadi
466 1263 706 1301 cancellorum
726 1276 792 1300 seu
819 1262 1013 1312 sepimenti
1036 1262 1152 1298 instar
1181 1261 1448 1311 circumposita.
1478 1261 1584 1298 addit
1607 1260 1738 1298 Balsa-

287 1332 375 1358 mon
394 1319 464 1357 hoc
493 1320 591 1356 idem
614 1315 832 1371 προνόμιον
855 1330 920 1354 seu
941 1317 1169 1368 privilegium
1202 1317 1426 1367 procedendi
1449 1329 1534 1353 cum
1565 1316 1737 1367 lampade

287 1387 500 1412 concessum
521 1376 634 1412 fuisse
651 1374 923 1424 archiepiscopo
942 1373 1137 1423 Bulgariae
1164 1376 1203 1410 et
1221 1372 1338 1423 Cypri
1364 1376 1403 1410 et
1429 1372 1554 1422 paucis
1585 1372 1736 1421 quibus-

289 1432 375 1470 dam
403 1431 717 1481 metropolitanis,
745 1433 783 1467 et
811 1433 958 1480 praeter
977 1429 1045 1466 hos
1073 1428 1181 1474 nulli;
1210 1432 1248 1465 et
1272 1427 1498 1479 patriarchas
1520 1440 1597 1464 non
1622 1428 1735 1466 modo

286 1487 324 1524 in
345 1500 413 1524 sua
438 1487 595 1524 dioecesi
617 1487 685 1523 sed
718 1489 758 1523 et
783 1487 887 1522 extra
909 1484 1079 1535 lampade
1102 1484 1260 1521 illustres
1282 1483 1456 1534 progredi
1477 1495 1609 1534 posse;
1635 1484 1738 1533 quod

288 1543 413 1580 multis
444 1543 525 1593 ipse
556 1543 732 1580 adversus
763 1540 996 1580 oblocutores
1032 1540 1214 1592 quosdam
1240 1539 1453 1591 confirmat,
1489 1550 1599 1590 quem
1636 1539 1738 1591 legat

290 1599 354 1650 qui
372 1598 472 1637 volet
486 1598 508 1636 l.
524 1601 550 1636 7
570 1598 664 1637 Iuris
679 1596 763 1637 GR.

381 1673 413 1708 p.
429 1661 477 1697 46
491 1673 524 1699 v.
541 1662 573 1697 2.
596 1658 800 1705 τροπᾶριον
824 1660 980 1695 modulus
1001 1661 1067 1702 est,
1090 1657 1212 1693 cantici
1233 1657 1382 1693 nimirum
1400 1668 1520 1703 genus,
1541 1657 1585 1692 ad
1601 1658 1739 1694 alteriue

290 1707 492 1752 exemplaris
513 1707 611 1741 modo
645 1718 683 1741 se
715 1705 868 1740 habentis
897 1716 1043 1739 normam
1077 1701 1320 1748 τρεπόμενον,
1353 1703 1608 1739 decantandum,
1654 1705 1740 1739 haec

289 1752 496 1794 τροπαρίου
517 1752 720 1786 communior
743 1750 921 1796 expositio.
973 1750 1056 1784 alias
1086 1749 1191 1783 fusius
1211 1749 1244 1783 in
1269 1749 1508 1793 Euchologicis
1540 1749 1740 1784 rettulimus.

289 1795 446 1841 ποιητοῖς
477 1809 577 1842 porro
609 1797 682 1831 τῶν
709 1795 922 1840 τροπαρίων
943 1795 1134 1831 Anthimum
1161 1798 1196 1829 et
1218 1794 1403 1829 Timoclem
1426 1799 1591 1830 memorat
1618 1794 1739 1830 Theo-

296 1843 421 1888 phanes
447 1847 483 1876 et
511 1842 686 1876 Cedrenus
707 1842 743 1876 in
765 1842 878 1875 Leone
902 1842 935 1876 1.

380 1889 462 1922 ibid.
491 1886 596 1931 δόξα]
628 1899 665 1923 su
692 1887 747 1931 ple
780 1886 927 1931 reliqua:
968 1883 1082 1926 necrol
1111 1882 1175 1919 καὶ.
1207 1880 1281 1930 vlo?
1313 1882 1379 1918 καὶ
1418 1880 1512 1930 ἁγίῳ
1545 1879 1738 1928 πνεύματι.

292 1938 371 1977 post
391 1931 456 1966 καὶ
481 1934 548 1966 νῦν
571 1930 635 1966 καὶ
657 1932 719 1967 αεί
740 1931 825 1966 adde
848 1930 911 1966 καὶ
931 1928 984 1970 εἰς
1007 1926 1093 1970 τούς
1117 1928 1255 1969 αἰῶνας
1277 1929 1350 1962 τῶν
1376 1926 1534 1963 αἰώνων.
1582 1927 1693 1973 ἀμήν.

383 1977 428 2011 ib.
448 1989 483 2013 v-
508 1979 543 2012 3.
575 1975 621 2011 οὗ
652 1976 847 2021 ψάλλεται]
880 1975 1056 2010 modulatis
1086 1974 1249 2018 varieque
1274 1973 1372 2007 flexis
1404 1978 1521 2007 cantus
1551 1973 1644 2007 sonis
1674 1984 1739 2008 non

290 2020 482 2054 decurritur
505 2022 692 2068 μελφδῶςε
722 2021 786 2057 sed
816 2032 900 2056 voce
931 2020 1106 2061 continua,
1143 2017 1262 2064 χύμοι,
1295 2023 1332 2052 ut
1359 2018 1497 2064 scripsit
1528 2018 1738 2063 Philotimus,

290 2062 587 2110 olva‘ywoionewa.

405 2125 453 2161 ib.
472 2137 506 2162 V.
531 2124 570 2165 5·
623 2135 704 2161 mos
738 2123 810 2160 iste
852 2121 1039 2160 accinendi
1074 2119 1356 2170 imperatoribus
1394 2117 1439 2161 τὸ
1477 2118 1741 2175 πολυχρόνιον

292 2183 331 2217 et
350 2179 573 2217 acclamandi
593 2179 649 2226 εἰς
672 2175 795 2218 πολλοὶ
818 2177 882 2228 ἔτη
902 2177 1052 2215 Graecis
1079 2176 1187 2214 valde
1211 2176 1384 2225 frequens
1404 2178 1499 2228 fuit,
1529 2182 1572 2215 ut
1592 2179 1739 2230 saepius

293 2236 450 2287 posthac
471 2248 516 2273 ex
534 2235 680 2272 Codino
698 2234 964 2283 intelligemus,
990 2245 1099 2283 quem
1119 2232 1307 2282 eleganter
1336 2233 1510 2272 describit
1539 2235 1741 2285 Corippus,

293 2292 383 2329 dum
405 2290 591 2340 quomodo
615 2290 757 2328 Iustino
781 2290 917 2327 Iuniori
942 2285 987 2329 τό
1018 2285 1281 2339 πολυχρόνιον
1299 2288 1539 2329 acclamatum
1563 2291 1633 2340 sit,
1659 2302 1742 2328 ver-

293 2348 395 2385 sibus
425 2347 608 2398 explicat,
636 2347 684 2383 de
706 2346 874 2383 laudibus
903 2345 1035 2382 Iustini
1066 2347 1082 2384 1
1115 2345 1197 2385 202
1228 2348 1268 2382 et
1294 2345 1399 2395 356,
1426 2349 1453 2386 2
1479 2345 1558 2386 165
1584 2349 1623 2383 et
1648 2347 1740 2386 308.

154 2415 183 2450 p
205 2416 275 2452 216
405 2402 615 2454 Nicephoro
634 2402 778 2440 Phocae
795 2402 911 2439 factas
930 2400 1205 2438 acclamationes
1220 2401 1381 2438 suaviter
1401 2402 1600 2439 admodum
1613 2401 1742 2438 irridet

295 2457 550 2509 Luitprandus
586 2458 625 2495 in
656 2458 840 2508 legatione
873 2470 940 2494 sua
973 2456 1191 2506 Cpolitana,
1226 2455 1382 2506 loquens
1426 2457 1472 2494 de
1508 2457 1742 2507 processione

297 2514 442 2552 Phocae
467 2527 511 2552 ex
535 2513 671 2565 palatio
690 2515 740 2552 ad
757 2517 922 2552 sanctam
945 2512 1122 2562 Sophiam
1141 2510 1275 2561 (Leon.
1298 2511 1451 2550 Diacon.
1475 2525 1512 2563 p.
1539 2513 1597 2550 ed.
1620 2512 1740 2550 Bonn.

297 2570 408 2622 347).
435 2570 542 2607 multi
559 2571 724 2620 profecto
748 2570 786 2607 in
814 2569 871 2606 his
893 2567 1212 2605 acclamationibus
1243 2565 1367 2607 πολλοὶ
1400 2567 1462 2617 ἔτη
1491 2567 1742 2618 apprecaban-

298 2629 380 2675 tur,
409 2627 542 2674 quibus
558 2626 645 2663 nihil
665 2625 856 2663 iucundius
874 2625 1036 2662 accidere
1057 2623 1240 2673 potuisset
1265 2636 1376 2672 quam
1403 2624 1434 2660 si
1457 2624 1656 2673 imperator
1679 2623 1741 2662 illo

297 2682 378 2731 ipso
400 2683 471 2730 die,
501 2682 590 2730 quin
610 2685 648 2719 et
666 2682 726 2719 illo
741 2684 939 2730 momento,
966 2680 1158 2730 repentina
1181 2683 1299 2717 morte
1323 2680 1523 2716 exstinctus
1544 2679 1686 2716 fuisset.

410 2737 645 2775 Acclamandi
676 2750 756 2775 mos
786 2741 892 2775 vetus
929 2739 1007 2785 est,
1044 2735 1280 2783 manavitque
1310 2747 1355 2772 ex
1389 2734 1540 2772 theatris
1575 2735 1614 2771 in
1650 2735 1743 2784 fora,

301 2793 433 2830 deinde
453 2794 562 2831 etiam
582 2794 620 2831 in
639 2798 827 2841 senatum;
855 2792 939 2831 hinc
958 2792 1007 2830 ad
1027 2791 1319 2829 Christianorum
1336 2791 1510 2841 synodos.
1539 2789 1743 2842 exemplum
