1864 3164
282 198 383 246 320
485 192 763 242 GRETSERI
783 191 858 236 ET
881 185 1058 235 GOARI
1076 176 1515 230 COMMENTARIUS

393 320 431 360 p.
450 310 506 352 72
525 318 560 345 v·
582 306 618 346 1.
656 315 702 342 ex
723 303 903 351 quattuor
918 296 1051 348 vigiliis
1071 295 1110 333 in
1135 292 1274 347 palatio
1292 288 1464 330 celebrari
1477 284 1595 327 solitis
1613 282 1732 335 prima

285 369 345 405 est
362 366 486 415 magna·
502 363 654 402 canonis.
708 358 774 396 ubi
798 356 885 394 dicit
902 354 1029 393 Iunius
1047 352 1181 405 festum
1200 350 1324 400 magni
1339 347 1480 386 canani:
1499 355 1569 382 ene
1586 341 1735 380 domim·-

284 436 361 462 cam
383 419 627 461 orthodoxiae.-
655 416 723 455 sed
748 418 848 452 errat
875 423 976 450 more
1000 422 1069 447 suo
1090 407 1244 446 solenni.
1299 416 1386 442 nam
1411 399 1592 440 dominica
1606 396 1735 436 ortho-

285 478 417 518 doxiae
449 480 530 515 erat
554 474 673 526 prima
703 470 886 510 dominica
915 464 1238 517 quadragesimae:
1276 461 1412 499 festmn
1432 455 1559 507 magni
1585 451 1737 493 canonis

285 536 469 586 agebatur
494 534 545 587 τῇ
567 529 724 583 πέμπτῃ
760 529 832 577 τῆς
859 523 1037 576 πέμπτης
1067 516 1288 574 ἑβδομάδος
1314 519 1386 568 τῆς
1415 510 1739 564 τεσσαρακοστῆς,

286 594 413 643 quinta
427 589 528 641 feria
554 587 697 637 quintae
724 581 945 622 hebdomadi·
971 577 1274 632 quadragesimae.
1327 573 1464 611 docent
1495 568 1568 608 hoc
1589 563 1739 605 rituales

288 648 518 686 Graecorum
540 642 646 692 l'bri,
683 647 956 691 quorum‘unus
991 634 1054 685 qui
1085 632 1280 672 Triodium
1309 627 1519 667 inscribitur
1550 625 1635 662 ista.
1688 621 1742 675 τῇ

290 700 395 758 αὐτῇ
413 700 544 754 ἡμέρᾳ
564 694 663 739 κατὰ
697 693 771 748 τὴν
801 691 970 746 ἀρχαίαν
994 686 1217 743 παράδοσιν
1241 681 1448 738 ψάλλομεν
1477 679 1546 723 καὶ
1567 676 1643 732 τήν
1669 677 1743 717 τοῦ

294 755 469 813 μεγάλου
494 750 668 802 κανόνος
695 749 957 793 ἀκολουθίαν.
1012 750 1154 788 τοῦτον
1182 746 1262 784 τῶν
1281 738 1404 790 ’ὄντως
1424 734 1610 780 κανόνων
1635 732 1744 787 μέγι-

293 828 386 857 στον
416 808 605 854 ἀπάντων
631 806 800 862 ἀρίστως
829 805 899 848 καὶ
922 803 1158 857 τεχνηέντως
1175 794 1380 853 ἡρμόσατο
1402 795 1471 837 καὶ
1494 791 1745 846 συνέγραψεν

294 871 320 914 o‘
345 870 388 912 ἐν
410 869 539 924 άγίοις
559 863 689 919 πατὴρ
708 863 825 918 ἡμῶν
841 859 1028 915 Ἀνδρέας
1046 858 1070 901 o‘
1093 854 1398 912 ἀρχιεπίσκοπος
1419 846 1602 905 Κρήτης,
1638 845 1661 887 ὁ
1677 842 1747 886 καὶ

293 925 603 981 Ἱεροσολυμίτης
632 917 938 973 ὀνομαζόμενος,
973 915 1019 965 ὃς
1053 912 1209 969 ὅρμητο
1229 909 1302 965 μέν
1329 910 1374 952 ἐκ
1406 905 1646 960 Δαμασκοῦ,
1680 899 1749 943 ἐπὶ

295 975 703 1036 τεσσαρεσκαιδεκάτῳ
724 975 767 1018 δὲ
788 976 862 1017 ἔτει
878 977 950 1026 τῆς
966 969 1091 1014 αὐτοῦ
1111 969 1269 1023 ἡλικίας
1283 963 1548 1018 παιδευτηρίῳ
1567 973 1749 1015 γραμμα-

297 1043 413 1092 τικῆς
440 1035 622 1084 ἐκδοθεὶς
646 1034 713 1075 καὶ
734 1031 809 1086 τὴν
832 1027 1038 1086 ἐγκύκλιον
1054 1028 1264 1069 παίδευσιν
1281 1018 1501 1074 έξασκὴσας
1520 1017 1576 1066 εἰς
1591 1008 1751 1069 Ἱεροσό-

300 1100 406 1148 λυμα
424 1091 598 1149 γεγονώς
624 1089 694 1132 τὸν
718 1086 918 1143 μοναστὴν
939 1084 1147 1137 ὑπέρχεται
1166 1082 1280 1135 βίον,
1314 1078 1436 1126 ὁσίως
1455 1074 1499 1117 δέ
1515 1073 1583 1115 καὶ
1603 1076 1752 1120 θεοφι-

300 1153 381 1200 λῶς
401 1152 545 1199 διαζῶν
568 1148 610 1190 έν
629 1144 765 1200 ἡσύχῳ
780 1144 848 1186 καὶ
875 1138 1058 1196 ἀταράχῳ
1087 1142 1139 1196 τῇ
1163 1138 1279 1193 βιοτῇ
1303 1131 1430 1176 πολλὰ
1455 1129 1528 1185 μὲν
1556 1126 1626 1171 καὶ
1655 1123 1754 1168 ἄλλα

303 1203 586 1262 συγγράμματα
605 1204 787 1257 βιωφελῆ
802 1201 1024 1242 καταλείπει
1042 1200 1095 1253 τῇ
1109 1198 1183 1236 τοῦ
1199 1194 1304 1235 θεοῦ
1322 1188 1524 1244 ἐκκλησίᾳ,
1550 1181 1697 1239 λόγους
1713 1194 1756 1222 τε

302 1264 371 1307 καὶ
391 1260 589 1310 κανόνας,
621 1262 769 1312 μᾶλλον
789 1252 1000 1309 άδρότερος
1019 1252 1062 1294 ἐν
1079 1255 1162 1300 τοῖς
1178 1249 1466 1302 πανηγυρικοῖς
1484 1235 1699 1298 γινόμενός
1715 1251 1757 1279 τε

303 1320 374 1363 καὶ
403 1314 682 1369 δεικνύμενος,
711 1312 787 1356 σὺν
814 1315 974 1358 πολλοῖς
1007 1307 1051 1350 δὲ
1080 1306 1216 1354 ἄλλοις
1241 1305 1308 1346 καὶ
1340 1300 1412 1345 το“ν
1437 1295 1618 1353 παρόντα
1634 1293 1758 1349 μέγαν

304 1374 462 1420 κανόνα
482 1371 688 1421 συνέταξε,
711 1368 926 1416 κατάνυξιν
946 1364 1114 1418 ἄπειρον
1134 1362 1284 1415 ἔχοντα.
1339 1361 1473 1400 πᾶσαν
1493 1352 1569 1409 γὰρ
1587 1351 1761 1397 παλαιᾶς

304 1432 374 1475 καὶ
400 1430 493 1478 νέας
523 1427 699 1481 ἱστορίαν
729 1421 929 1475 διαθήκης
953 1415 1236 1475 ἐρανισάμενος
1262 1413 1331 1456 καὶ
1349 1410 1548 1466 ἀθροίσας
1565 1406 1610 1451 τὰ
1630 1403 1760 1460 παρδν

303 1484 508 1541 ἡρμόσατο
529 1483 665 1538 μέλος,
695 1477 775 1523 ἀπδ
792 1477 920 1531 Ἀδάμ
938 1473 1089 1530 δηλαδὴ
1110 1473 1220 1527 μέχρι
1237 1470 1305 1512 καὶ
1325 1466 1450 1522 αὐτῆς
1468 1466 1645 1520 Χριστοῦ
1663 1458 1763 1504 ἀνα-

306 1543 470 1598 λήψεως
501 1541 570 1583 καὶ
601 1541 675 1580 τοῦ
698 1539 781 1579 τῶν
799 1531 1032 1578 ἀποστόλων
1054 1526 1316 1599 κηρύγματος.
1376 1521 1635 1578 προτρέπεται
1661 1521 1763 1574 γοῦν

308 1599 377 1644 διά
403 1595 549 1642 τούτου
582 1598 717 1637 πᾶσαν
745 1588 906 1647 ψυχὴν,
943 1587 1017 1632 ’ὅσα
1047 1585 1118 1640 μὲν
1146 1581 1282 1640 αγαθά
1307 1584 1382 1635 τῆς
1413 1579 1586 1633 ἱστορίας
1619 1576 1765 1644 ζηλοῦν

307 1657 378 1700 καὶ
410 1658 619 1709 μιμεῖσθαι
657 1648 757 1703 πρὸς
793 1646 990 1700 δύναμιν,
1028 1641 1104 1686 ὅσα
1133 1640 1176 1685 δὲ
1204 1643 1287 1683 ταῖν
1311 1633 1478 1691 φαύλων
1507 1631 1766 1687 ἀποφευγειν,

308 1713 379 1757 καὶ
401 1709 466 1754 ἀεὶ
486 1708 589 1763 πρός
619 1705 721 1749 θεόν
747 1702 990 1759 ἀνατρέχειν,
1033 1698 1100 1742 διά
1129 1697 1359 1752 μετανοίας,
1397 1690 1465 1736 διά
1486 1689 1673 1746 δακρύων
1698 1684 1768 1728 καὶ

311 1765 631 1822 ἐξομολογήσεως
661 1762 730 1805 καὶ
761 1765 835 1815 τῆς
861 1758 983 1811 ὄίλλης
1011 1752 1195 1810 δηλονότι
1225 1746 1530 1820 εὐαρεστὴσεως.
1586 1741 1694 1797 πλὴν
1728 1741 1769 1791 ἐς

311 1822 505 1869 τοσοῦτόν
537 1823 644 1864 ἔστιν
681 1817 824 1874 εὔρους
847 1816 915 1858 καὶ
943 1811 1114 1868 ἔμμελὴς
1137 1810 1192 1859 οἷς
1216 1809 1284 1852 καὶ
1313 1804 1440 1860 αύτην
1461 1802 1537 1859 τὴν
1559 1797 1770 1854 σκληροτέ-

316 1898 393 1938 ραν
420 1877 557 1933 ψυχὴν
582 1879 728 1925 ἱκανῶς
757 1872 927 1929 μαλάξαι
946 1871 1014 1913 καὶ
1037 1866 1139 1923 πρός
1161 1864 1369 1918 ἀνάληψιν
1394 1859 1557 1917 ἀγαθοῦ
1570 1859 1770 1912 διεγεῖραι,

318 1940 356 1980 εί
389 1935 517 1990 μόνον
554 1931 650 1988 μετὰ
685 1928 1014 1985 συντετριμμένης
1038 1925 1205 1979 καρδίας
1227 1922 1296 1964 καὶ
1317 1920 1516 1986 προσοχῆς
1541 1907 1772 1967 ἀνηκούσης

317 1990 526 2047 ψάλλοιτο.
585 1990 747 2040 ἐποίησε
780 1986 822 2028 δὲ
853 1988 1015 2033 τοῦτον,
1056 1979 1121 2023 ὅτε
1157 1978 1228 2021 καὶ
1258 1977 1280 2020 ὁ
1306 1986 1549 2027 πατριάρχης
1563 1963 1773 2022 Ἱεροσολύ-

319 2051 408 2106 μων
437 2047 462 2089 ὁ
494 2045 613 2102 μέγας
646 2040 884 2096 Σωφρόνιος
911 2038 978 2081 τὸν
1006 2041 1077 2107 τῆς
1095 2034 1316 2088 Αἰγυπτίας
1347 2030 1509 2082 Μαρίας
1531 2026 1624 2080 βίον
1655 2036 1771 2065 συνε-

319 2103 530 2161 γράψατο·
567 2098 783 2149 κατάνυξιν
813 2095 887 2151 γάρ
915 2094 983 2135 καὶ
1004 2108 1121 2140 ουτος
1146 2090 1170 2132 ὅ
1193 2090 1282 2143 βίος
1301 2085 1566 2141 προβέβληται
1591 2078 1774 2133 ἄπειρον,

318 2161 388 2204 καὶ
416 2155 568 2211 πολλὴν
593 2161 676 2204 τοῖς
705 2150 909 2196 ἐπταικόσι
935 2149 1004 2191 καὶ
1023 2142 1293 2201 ἁμαρτάνουσι
1317 2140 1580 2197 παραμυθίαν
1599 2137 1776 2183 δίδωσιν,

325 2219 364 2261 εἰ
393 2213 522 2271 μόνον
542 2215 623 2254 τῶν
655 2207 824 2263 φαύλων
848 2204 1070 2259 ἀποστῆναι
1107 2202 1332 2257 βούλοιντο.
1388 2196 1614 2250 ἐτάχθησαν
1637 2190 1682 2234 δὲ
1708 2189 1779 2232 καὶ

324 2271 427 2317 κατά
454 2269 530 2324 τήν
563 2273 772 2322 παροῦσαν
802 2264 956 2318 ἡμέραν
989 2258 1218 2314 ψάλλεσθαι
1249 2257 1317 2299 καὶ
1349 2250 1695 2310 ἀναγινώσκεσθαι
1728 2247 1768 2288 δι

327 2330 461 2373 αἰτίαν
483 2322 693 2378 τοιαύτην·
733 2319 868 2373 έπειδὴ
903 2317 978 2374 γάρ
1000 2315 1101 2369 πρός
1122 2314 1165 2358 τὸ
1190 2314 1297 2363 τέλος
1315 2313 1452 2368 ἐγγίζει
1472 2308 1503 2363 ἡ
1526 2307 1619 2361 άγία
1641 2315 1779 2346 τεσσα-

329 2382 504 2441 ρακοστὴ
516 2413 526 2434 ,
555 2383 622 2423 ἵνα
642 2377 695 2433 μὴ
726 2378 768 2421 ot
789 2376 1001 2428 ἄνθρωποι
1026 2373 1205 2426 ῥάθυμοι
1218 2368 1421 2425 γεγονότες
1434 2362 1531 2420 πρὸς
1544 2360 1638 2412 τούς
1652 2374 1778 2402 πνευ-

330 2438 521 2498 ματικοῦς
551 2434 709 2493 ἀγῶνας
735 2432 992 2488 ἀμελέστερον
1021 2431 1236 2472 διατεθῶσι
1266 2425 1334 2468 καὶ
1361 2426 1434 2466 τοῦ
1462 2421 1685 2474 σωφρονεῖν
1707 2431 1780 2456 κα-

326 2496 468 2547 θάπαξ
498 2496 542 2538 έν
575 2497 699 2535 πᾶσιν
732 2487 991 2542 ἀπόσχοιντο,
1033 2485 1058 2528 0‘
1091 2484 1163 2538 μὲν
1188 2483 1365 2538 μέγιστος
1383 2476 1590 2533 Ἀνδρέας,
1628 2467 1696 2515 οἷά
1722 2485 1781 2518 τις

329 2553 541 2606 ἀλείπτης,
570 2548 637 2592 διά
658 2553 739 2591 τῶν
763 2548 947 2600 ἱστοριῶν
967 2545 1042 2584 τοῦ
1067 2538 1237 2595 μεγάλου
1260 2536 1453 2586 κανόνος,
1490 2536 1572 2574 τῶν
1599 2524 1782 2583 μεγάλων

331 2608 495 2661 ἀνδρῶν
525 2607 649 2661 λέγων
677 2604 750 2658 τὴν
770 2600 913 2657 ἀρετήν
936 2598 1005 2641 καὶ
1028 2601 1109 2639 ταῖν
1132 2594 1299 2649 φαύλων
1323 2589 1448 2642 αὖθις
1470 2587 1544 2643 τὴν
1569 2578 1781 2637 ε’κτροπήν,

333 2668 388 2716 ὥς
410 2665 461 2707 liv
485 2681 543 2714 τις
574 2664 699 2716 φαίη,
728 2656 1024 2716 γενναιοτέρους
1044 2652 1139 2703 τούς
1156 2650 1382 2705 κάμνοντας
1408 2639 1692 2701 παρασκευάζει
1714 2636 1785 2679 καὶ

333 2721 533 2776 ἀνδρικῶς
562 2724 645 2768 τοῖς
678 2719 904 2771 ἔμπροσθεν
937 2711 1250 2759 ἐπεκτείνεσθαι,
1284 2707 1309 2750 ὁ
1344 2704 1388 2748 δὲ
1422 2700 1526 2756 ἱερδς
1552 2692 1787 2751 Σωφρὸνιος

831 2769 843 2786 ’
900 2772 918 2782 ”
934 2766 1055 2822 λόγου
1080 2763 1291 2819 σώφρονας
1312 2763 1381 2804 καὶ
1405 2755 1528 2806 αὖθις
1549 2751 1651 2797 εἶναι
1668 2753 1787 2799 ποιεῖ,

336 2777 403 2822 διά
430 2779 505 2819 τοῦ
535 2776 771 2827 ὑπερφυοῦς
790 2788 915 2814 αυτου

338 2835 407 2878 καὶ
425 2832 525 2888 πρός
547 2831 651 2874 θεὸν
677 2831 880 2887 διεγείρει,
909 2824 976 2869 καὶ
1002 2822 1058 2878 μή
1082 2823 1339 2865 καταπίπτειν
1365 2814 1464 2872 μηδὲ
1484 2805 1789 2866 ἀπογινώσκειν,
