1820 3178
94 1156 118 1186 Ρ
149 1158 211 1191 154

225 193 317 240 118
432 192 710 240 GRETSERI
727 193 802 238 ET
822 192 1003 238 GOARI
1021 192 1464 240 COMMENTARIUS

221 300 556 357 ι’·ῐποβεβηκόσιν
536 318 581 344 ον
603 302 769 344 ἔκπαλαι
788 299 956 355 ὕστερον
976 305 1060 351 τοῖς
1085 300 1322 356 ’ὑπερέχουσι
1346 300 1545 357 συνεταγη
1573 300 1682 357 παραὶ

223 364 297 402 τοῦ
315 364 386 412 τῆς
411 361 607 413 μακαρίας
626 356 775 411 λήξεως
803 357 1048 429 πατριάρχου
1072 355 1528 408 Κωνσταντινουπόλεως
1551 364 1686 428 Γεωρ-

223 418 316 471 γίου
336 418 411 458 τοῦ
435 415 660 467 Ξιφιλὶνου.
704 418 755 472 τῇ
773 412 916 468 πραξει
936 413 979 455 δὲ
1000 410 1124 472 ταύτῃ
1143 413 1445 468 ἐπηκολούθησε
1459 416 1528 456 καὶ
1545 413 1686 471 γνώμη

225 474 391 528 γενναία
424 477 496 515 τοῦ
530 472 572 513 ἐν
617 456 747 525 ἁγίοις
781 472 1070 542 μητροπολίτου
1102 456 1402 541 Θεσσαλονίκης
1437 469 1688 523 Ευσταθίου,

226 530 449 572 ἐπαινοῦσα
481 528 549 569 καὶ
577 527 787 580 ἐξαίρουσα
819 526 864 569 τό
895 525 1056 581 γεγονὸς
1082 527 1137 576 οἷς
1173 524 1341 582 ευλόγως
1379 527 1447 569 καὶ
1477 524 1690 582 ἀμέμπτως

225 584 419 640 πραχθέν.
478 598 560 625 cum
592 598 682 635 ergo
709 585 797 623 olim
823 585 988 635 quinque
1017 586 1199 623 duntaxat
1224 585 1296 624 hoc
1321 585 1491 635 quinario
1522 598 1690 651 compre-

227 643 499 692 henderentur,
526 642 605 678 iure
634 642 803 679 Codinus
835 638 1012 682 πεντάδα
1039 642 1265 693 nominavit,
1292 642 1491 693 respiciens
1519 642 1691 683 nimirum

228 701 278 737 ad
297 698 563 748 antiquiorem,
581 710 658 735 non
672 699 722 735 ad
735 698 836 735 illum
854 711 877 736 a
894 697 1082 748 Xiphilino
1100 698 1354 738 introductum
1365 711 1567 738 numerum,
1603 711 1692 739 nam

230 759 269 795 et
291 755 518 793 Balsamon
509 768 548 792 ιιι
568 753 698 792 Melete
715 767 782 793 seu
799 755 1067 805 disceptatione
1085 767 1153 792 sua
1178 755 1227 793 de
1251 752 1375 793 officio
1395 754 1691 806 chartophylacis

230 816 269 850 et
295 811 520 863 protecdici‚
555 814 646 850 tom.
677 811 700 851 1
730 811 818 850 iuris
847 810 1168 850 Graeco-Romani
1191 809 1256 849 fol.
1284 811 1391 863 456,
1415 811 1580 861 quinque
1607 816 1694 851 tan·-

231 874 311 906 tum
324 868 363 905 in
380 869 450 906 hac
470 867 589 919 prima
611 867 726 905 classe
746 868 875 919 ponit,
902 868 1039 906 omisso
1070 867 1302 918 protecdico,
1329 879 1469 918 eosque
1496 868 1586 906 dicit
1610 880 1694 906 esse

231 925 339 975 quasi
358 925 523 974 quinque
541 937 672 962 sensus
696 924 946 975 patriarchae,
975 924 1108 974 quibus
1135 928 1316 973 tanquam
1343 924 1598 963 instrumentis
1626 937 1694 964 ne-

232 981 337 1033 gotia
356 981 478 1019 omnia
498 984 730 1030 exsequatur.
773 984 883 1019 vocat
905 981 1015 1018 etiam
1033 981 1166 1019 horum
1185 980 1350 1030 quinque
1367 980 1695 1021 ecclesiasticorum

232 1050 426 1088 procerum
445 1037 647 1075 ministeria
675 1035 790 1076 πέντε
814 1035 1005 1089 σεκρέτων
1034 1033 1161 1089 εὐαγῆ
1182 1035 1417 1090 λογοθέσια,
1439 1038 1512 1076 hoc
1541 1041 1622 1090 est,
1650 1041 1696 1076 ut

232 1096 415 1145 interpres
435 1094 569 1144 vertit,
593 1095 744 1145 quinque
768 1097 972 1132 secretorum
990 1093 1159 1142 religiosa
1179 1095 1382 1133 ratiocinia.
1425 1094 1560 1132 rectius
1575 1095 1696 1134 forte:

236 1153 387 1202 quinque
415 1155 620 1188 secretorum
654 1152 872 1188 consistoria.
926 1162 996 1188 nos
1031 1151 1131 1188 rebus
1162 1149 1386 1200 expediendis
1411 1149 1620 1202 praefectos.
1657 1153 1698 1188 ct

236 1207 356 1256 quiris
379 1207 510 1244 horum
543 1205 706 1244 habebat
733 1219 802 1243 sua
829 1206 868 1243 in
887 1206 1075 1244 functione
1102 1205 1226 1257 plures
1251 1206 1459 1257 adiutores,
1493 1219 1589 1256 quos
1610 1206 1698 1245 Bal-

234 1275 366 1301 samon
394 1267 502 1300 vocat
527 1262 787 1310 chartularios,
813 1265 887 1302 τοῦ
913 1260 1040 1303 κόπου
1068 1259 1330 1315 συμμεριστας
1357 1261 1426 1303 καὶ
1454 1260 1699 1316 σεκρετικους

236 1315 497 1370 διακονητᾶς,
532 1318 663 1357 laboris
694 1322 886 1369 consortes,
925 1323 1135 1372 senatusque
1167 1319 1268 1358 illm:
1302 1332 1364 1358 seu
1394 1322 1592 1360 consistorii
1637 1333 1698 1359 seu

237 1375 378 1414 consilii
394 1375 631 1417 administros.

349 1430 646 1482 Appellabantur
663 1431 774 1469 iidem
799 1426 1136 1480 ἐξωκατακοιλοι’
1120 1428 1324 1482 ἄρχοντες,
1345 1434 1389 1471 ut
1405 1430 1605 1470 Balsamon
1630 1432 1700 1469 do.-

240 1491 297 1529 eet
316 1491 354 1525 et
370 1488 527 1526 loannes
543 1488 704 1538 Citrius‚
723 1488 794 1525 etsi
812 1488 852 1525 in
869 1488 978 1526 huius
997 1486 1203 1539 Responsis
1221 1488 1402 1526 scribatur
1420 1488 1491 1526 hoc
1509 1500 1643 1526 nomen
1661 1488 1700 1525 in

240 1542 442 1595 penultima
464 1557 540 1582 non
559 1557 627 1594 per
648 1559 685 1584 οι
705 1545 772 1581 sed
792 1557 859 1594 per
883 1560 909 1596 η
922 1574 933 1593 ,
962 1541 1271 1596 ἐξωκατάκηλοι,
1293 1549 1333 1583 et
1364 1543 1500 1583 Latine
1516 1544 1701 1583 Exocata-

239 1601 327 1651 celi,
358 1605 401 1638 ut
424 1601 462 1638 in
485 1600 648 1638 editione
667 1598 859 1638 Bonefidii.
915 1601 984 1637 sed
1011 1601 1164 1639 vitiose:
1192 1613 1279 1638 nam
1310 1604 1412 1638 recta
1439 1602 1621 1652 scriptura
1645 1603 1706 1638 est

241 1653 560 1705 ἓξωκατοὲκοιλοι,
579 1656 715 1695 Latine
729 1658 970 1695 exocatacoeli.
990 1657 1152 1708 graviter
1175 1661 1274 1695 errat
1292 1656 1437 1707 Iunius,
1456 1670 1539 1696 cum
1559 1670 1596 1708 p.
1619 1657 1645 1696 4
1669 1669 1705 1695 v.

246 1714 295 1754 13
314 1714 466 1752 verbum
481 1713 552 1751 hoc
569 1713 608 1750 in
628 1714 703 1751 duo
729 1713 879 1764 dividit,
899 1712 972 1761 ἔξω
991 1714 1237 1754 κατακοίλων
1248 1743 1258 1762 ,
1281 1714 1408 1763 itaque
1426 1715 1707 1766 interpretatur,

242 1770 493 1808 ‹tntacoelorum
507 1798 516 1815 ‚
538 1772 600 1820 qui
618 1769 711 1820 foris
727 1774 819 1808 sunt.
844 1782 986 1820 nugae:
1018 1771 1165 1809 unicum
1184 1770 1404 1809 vocabulum
1421 1773 1502 1822 est,
1519 1783 1597 1808 non
1618 1770 1705 1807 duo.

243 1839 358 1875 quare
384 1826 583 1875 legendum
615 1824 637 1864 ὁ
660 1822 978 1878 πρωτονοτάριος
1008 1823 1121 1878 θύρα
1144 1829 1224 1866 τῶν
1247 1826 1578 1874 ἐξωκατακοίλων.
1620 1825 1708 1863 hinc

243 1883 354 1919 etiam
376 1882 611 1919 reformanda
629 1881 738 1919 lectio
759 1895 789 1919 c.
805 1885 831 1923 9
852 1895 888 1931 p.
914 1885 967 1923 66
984 1882 1009 1924 5
1033 1886 1071 1920 et
1091 1885 1155 1932 12,
1169 1883 1231 1919 ubi
1255 1882 1382 1920 Iunius
1398 1883 1442 1930 ἓξ
1460 1879 1704 1929 κατάκοιλοι,

244 1939 443 1987 redditque
463 1951 523 1974 sex
543 1938 721 1975 catacoeli.
748 1950 860 1986 quam
881 1937 1073 1976 lectionem
1091 1939 1260 1976 vitiosam
1276 1951 1371 1988 esse,
1391 1938 1476 1976 licet
1494 1939 1532 1975 in
1552 1937 1706 1975 Bavari-

245 1995 296 2032 cis
318 2006 468 2043 quoque
485 1993 671 2031 codicibus
690 1998 882 2044 appareat,
902 1994 960 2030 vel
975 2006 1020 2032 ex
1034 1995 1281 2045 descriptione
1302 1994 1545 2046 protonotarii
1565 1995 1707 2032 discere

245 2054 416 2102 poterat,
440 2050 501 2086 ubi
533 2050 711 2100 scriptum
735 2051 774 2086 in
802 2050 878 2086 suis
911 2050 1022 2087 etiam
1048 2050 1314 2101 exemplaribus
1346 2051 1484 2101 reperit
1511 2050 1708 2100 ἐξωκατα-

245 2101 413 2151 κοίλων,
446 2106 613 2155 quamvis
631 2106 726 2143 male
756 2106 931 2143 disiunxit
952 2119 1047 2155 quae
1073 2108 1332 2157 coniungenda
1350 2111 1468 2145 erant.
1517 2107 1707 2156 quomodo

246 2175 337 2213 ergo
367 2175 467 2200 nunc
492 2174 537 2199 ex
574 2161 647 2210 ἔξω
680 2163 854 2212 procudit
878 2163 985 2199 nobis
1013 2162 1081 2210 ἕξῖ)
1117 2175 1161 2201 eo
1186 2163 1275 2202 item
1302 2164 1450 2202 nomine
1476 2176 1553 2201 non
1579 2166 1708 2214 potest

247 2219 335 2257 ferri
362 2219 425 2256 illa
453 2218 584 2268 lectio,
610 2218 698 2267 quia
719 2216 906 2269 ἄρχοντες
929 2219 990 2256 isti
1007 2219 1235 2258 vocabantur
1261 2224 1352 2258 tunc
1375 2220 1486 2258 etiam
1511 2215 1709 2268 ἐξωκατᾶ-

249 2278 395 2324 κοιλοι,
435 2274 586 2324 quando
619 2277 725 2312 erant
756 2278 902 2314 tantum
926 2276 1109 2328 quinque,
1141 2279 1185 2315 ut
1210 2289 1255 2314 ex
1283 2276 1507 2316 Balsamone
1536 2276 1708 2328 planum:

249 2345 325 2370 non
346 2344 436 2381 ergo
461 2344 484 2368 a
512 2343 664 2369 numero
685 2331 772 2368 dicti
791 2337 882 2370 sunt
896 2333 938 2379 ἓξ
960 2330 1200 2373 κατάκοιλοι.

361 2388 439 2425 Sed
472 2399 567 2438 quae
595 2386 699 2424 notio
734 2388 842 2424 huius
869 2389 1027 2426 nominis
1059 2385 1389 2436 ἐξωκατᾶκοιλοιῗ
1416 2393 1461 2426 ut
1491 2387 1599 2426 Iunio
1623 2399 1710 2425 sua-

249 2445 344 2482 viter
362 2445 403 2482 de
424 2444 579 2481 vallibus
603 2448 635 2481 et
659 2443 700 2480 de
721 2445 874 2482 ecclesiis
898 2447 936 2482 in
963 2445 1106 2483 editiore
1135 2447 1209 2483 loco
1247 2444 1353 2496 cpoli
1374 2458 1501 2497 semper
1523 2446 1710 2482 exstructis

250 2499 527 2551 philosophanti
572 2500 775 2550 assentiar,
813 2500 1042 2538 committere
1088 2514 1165 2539 non
1205 2514 1369 2552 possum.
1425 2502 1494 2539 sed
1530 2513 1614 2538 eum
1646 2498 1710 2550 qui

251 2569 295 2595 ex
329 2555 581 2595 exocatacoelz's
612 2555 720 2594 nobis
752 2558 944 2595 catacoelos
984 2558 1174 2607 procudit,
1215 2558 1347 2595 falsam
1389 2558 1516 2596 itidem
1549 2555 1710 2605 origina-

251 2614 389 2650 tionem
407 2613 586 2650 fabricare
605 2625 674 2650 nec
698 2613 859 2651 insolens
883 2626 951 2651 nec
975 2626 1111 2651 novum
1135 2614 1252 2651 videri
1282 2614 1415 2664 debet,
1442 2613 1544 2651 cuius
1568 2612 1711 2649 falsitas

249 2670 362 2706 cuivis
380 2670 521 2718 absque
535 2682 639 2706 mora
657 2669 864 2719 subolebit,
888 2670 950 2720 qui
970 2669 1060 2707 haec
1078 2670 1172 2707 lunii
1192 2670 1305 2707 verba
1319 2683 1402 2707 cum
1425 2681 1536 2707 sensu
1552 2679 1712 2718 perpen-

250 2727 365 2763 derit:
395 2728 571 2763 maximae
586 2725 747 2764 ecclesiae
767 2731 933 2778 praefat
949 2727 1180 2776 patriarcha,
1205 2727 1350 2776 reliquis
1371 2729 1530 2776 pastores
1546 2726 1625 2772 sui,
1650 2724 1715 2774 qui

250 2783 455 2819 dicebantur
477 2782 666 2826 catacoeli,
694 2780 793 2821 κατᾶ
810 2779 880 2830 mig
895 2779 1083 2826 κοιλάδας
1108 2782 1247 2832 singuli
1271 2785 1524 2820 commorantes.
1577 2779 1715 2818 scilicet

252 2837 361 2890 cpoli
380 2849 507 2876 omnes
529 2838 678 2888 parochi
702 2839 921 2878 habitabant
943 2839 981 2877 in
1003 2838 1157 2878 vallibus
1169 2865 1182 2889 ,
1202 2837 1325 2876 nullus
1345 2837 1383 2875 in
1399 2836 1596 2876 excelsiore
1613 2835 1714 2876 urbis
