1832 3178
266 221 330 266 32
682 220 879 266 CODINI
913 211 1324 264 GUROPALATAE‘

266 351 345 378 νων
373 332 511 392 φωνή,
544 336 591 380 τὸ
621 333 765 392 ἐάνπερ
785 353 825 379 τι
849 336 943 393 αἰτῇ
960 351 1021 387 τις
1039 339 1113 379 τοῦ
1140 338 1242 378 λαοῦ
1259 333 1287 391 ἢ
1304 334 1513 392 ἀδικῆται,
1544 331 1722 384 ἀκούσας

265 402 417 447 τούτων
438 405 606 461 δραμών
627 405 825 462 ἀνενέγκῃ.

146 481 175 514 Ρ
199 481 243 517 63
400 474 584 529 Γίγνεται
611 474 745 529 μέντοι
769 473 814 516 τὸ
840 474 1045 524 τοιοῦτον,
1079 473 1114 514 εἲ
1131 471 1234 515 κατὰ
1252 471 1326 526 τὴν
1339 473 1496 528 πρωΐαν
1511 467 1624 525 τύχοι
1643 486 1720 512 κα-

262 539 511 595 βαλλικεύων
527 541 548 584 ὃ
565 539 779 596 βασιλεύς·
811 539 915 595 μετὰ
935 540 980 583 δὲ
997 541 1043 584 τὸ
1063 544 1192 596 γεῦμα
1210 537 1536 594 καβαλλικεῦσειν
1550 538 1720 593 μέλλον-

263 627 333 660 τος
362 610 554 664 οὐδαμῶς
577 611 748 667 γίγνεται
771 614 906 654 τοῦτο.
972 606 999 664 ἦ
1032 610 1140 651 αἰτία
1170 610 1381 665 ἀγνοεῖται.
1449 610 1754 662 στοχαστικιόςὸ

262 695 306 735 γε
336 678 417 733 μὴν
448 678 547 734 λέγω
575 678 631 729 ιὸς
658 679 814 735 ἐπείπερ
845 679 884 721 οἳ
910 682 983 721 τοῦ
1010 675 1199 733 πλήθους
1224 677 1437 733 ἄνθρωποι
1468 677 1624 733 πρωίας
1648 674 1722 730 μὲν

263 745 481 804 νήφουσιν,
514 748 617 802 μετὰ
645 748 690 790 δὲ
718 747 765 791 τὸ
795 752 924 804 γεῦμα
950 745 1174 801 μεθύουσιν
1199 744 1253 797 ὡς
1281 748 1344 789 ἐπὶ
1373 745 1420 788 τὸ
1447 748 1631 787 πλεῖστον
1655 745 1722 786 καὶ

264 815 569 872 προπετέστεροι
607 817 806 873 γίνονται,
850 813 1012 866 εἰκότως
1040 818 1196 868 πρωίας
1222 815 1296 868 μὲν
1324 815 1560 866 σαλπίζουσι
1589 811 1645 854 δι’
1677 810 1723 854 ὃν

267 883 426 937 εἴπομεν
443 882 614 941 τρόπον,
646 885 748 939 μετὰ
773 885 818 927 δὲ
841 884 888 928 τὸ
913 888 1043 940 γεῦμα
1063 884 1275 938 οὐδαμῶς,
1300 885 1369 926 ἵνα
1391 881 1450 939 μή
1471 898 1533 933 τις
1555 878 1724 936 μεθύων

269 951 451 1003 ἀτάκτως
469 955 535 995 καὶ
555 957 763 1011 προπετῶς
780 953 989 1011 προσέλθῃ
1010 957 1067 1010 τῷ
1083 956 1256 1006 βασιλεῖ’.
1733 955 1778 991 10

395 1020 480 1064 Ἔτι
510 1019 531 1064 ὃ
563 1020 885 1079 πρωτοστράτωρ
912 1020 968 1064 ἔνι
995 1023 1062 1063 καὶ
1089 1021 1293 1078 δεςιένσωρ
1312 1022 1393 1062 τῶν
1413 1015 1726 1075 κουρσευόντων.

267 1087 420 1132 τούτων
460 1091 538 1146 γὰρ
576 1088 676 1145 μήτε
713 1088 826 1142 τάξιν
858 1087 1029 1144 ἐχόντων
1058 1087 1159 1145 μήτε
1190 1086 1427 1146 φλάμουλον
1455 1086 1580 1136 ἴδιον,
1627 1083 1722 1126 ἀλλ’

269 1156 451 1208 ἀτάκτως
490 1157 617 1209 οὕτως
655 1158 962 1213 ἀπολουμένων,
1007 1156 1028 1200 ὅ
1064 1156 1388 1216 πρωτοστράτωρ
1415 1155 1542 1198 ὀπίσω
1570 1150 1724 1197 τούτων

217 1232 247 1267 Β
271 1225 547 1283 εὖρισκόμενος
572 1226 797 1284 δεφενὸεύει
820 1225 1008 1279 τούτους,
1042 1227 1111 1269 ἐὰν
1134 1226 1215 1284 ἄρα
1235 1225 1409 1279 πόλεμον
1426 1223 1618 1281 εὕρωσιν·
1653 1220 1724 1264 διὰ

267 1299 384 1337 τοῦτο
414 1296 481 1336 καὶ
507 1295 585 1351 γὰρ
609 1293 932 1353 πρωτοστράτωρ
952 1300 1151 1347 καλεῖται,
1180 1295 1248 1338 διὰ
1268 1294 1313 1338 τὸ
1335 1295 1602 1350 προηγεῖσθαι
1621 1307 1723 1332 παν-
1735 1297 1778 1334 15

266 1363 336 1413 τὸς
365 1362 489 1406 αὐτοῦ
516 1367 590 1405 τοῦ
613 1368 801 1421 στρατοῦ.
870 1363 948 1406 ἀπὸ
984 1365 1030 1406 δὲ
1059 1368 1140 1406 τῶν
1163 1362 1487 1419 κουρσευομένων
1513 1358 1646 1402 πάντα
1671 1356 1724 1400 τὰ

265 1432 439 1483 ποικίλα,
475 1431 501 1473 ἃ
521 1431 782 1487 ὀνομάζονται
804 1434 981 1490 φυτίλια,
1015 1431 1114 1483 ἔθος
1134 1433 1217 1476 ἐστὶ
1235 1428 1454 1487 λαμβάνειν
1472 1429 1543 1472 τὸν
1563 1443 1724 1486 πρωτο-

265 1499 484 1556 στράτορα.

396 1566 446 1610 Ὁ
477 1568 602 1625 μέγας
631 1569 850 1624 λογοθέτης
877 1566 1078 1612 ὃιατάττει
1102 1568 1154 1612 τὰ
1175 1568 1288 1626 παρὰ
1305 1571 1379 1611 τοῦ
1398 1565 1597 1621 βασιλέως
1619 1562 1721 1605 ἀπο-

266 1634 508 1692 στελλόμενα
538 1635 831 1693 προστάγματα
857 1639 923 1680 καὶ
943 1636 1232 1693 χρυσόβουλλα
1263 1634 1364 1693 πρός
1385 1652 1427 1678 τε
1450 1634 1577 1691 ρἤας
1597 1635 1779 1674 σουλ-20

266 1703 412 1755 τάνους
445 1707 512 1747 καὶ
538 1704 758 1764 τοπάρχας.
825 1707 891 1748 καὶ
913 1711 1032 1749 τοῦτο
1050 1707 1122 1761 μὲν
1143 1706 1245 1748 ἴδιον
1266 1709 1337 1748 τοῦ
1357 1701 1533 1760 μεγάλου
1552 1699 1724 1757 λογοθέ-

266 1790 335 1815 του
362 1772 613 1830 ὑπηρέτημα.

354 1893 378 1978 ἓ
396 1889 682 1971 γαβῖἐικεῦσαι
703 1889 762 1926 ΑΒ
946 1893 990 1927 11
1013 1887 1074 1928 ὅτι
1097 1892 1156 1927 ΒΡ
1340 1891 1385 1926 16
1406 1886 1726 1935 κουρσενομένων]

375 1948 460 1971 mm?

267 2037 354 2084 quid
377 2042 475 2084 petat
496 2039 554 2073 vel
575 2038 704 2073 iniuria
725 2037 919 2083 afficiatur,
952 2037 1070 2073 audito
1100 2038 1170 2073 hoo
1192 2049 1278 2074 sono
1302 2042 1462 2074 accurrat
1485 2042 1522 2072 et
1545 2035 1591 2072 ad
1611 2035 1723 2082 impe-

266 2091 419 2119 ratorem
441 2085 551 2119 libere
571 2086 716 2120 referat.
1537 2109 1540 2110 ν

321 2182 331 2186 ,
358 2152 422 2187 Fit
451 2157 565 2187 autem
595 2152 682 2198 hoc,
719 2152 751 2187 si
778 2153 967 2198 imperator
998 2164 1099 2188 mane
1129 2151 1276 2197 equitet.
1322 2157 1358 2187 at
1381 2151 1412 2187 si
1437 2156 1519 2198 post
1539 2151 1722 2198 prandium

265 2199 418 2244 equitet,
458 2198 494 2232 id
527 2199 619 2232 nullo
652 2199 752 2233 modo
786 2201 1006 2233 observatur.
1053 2210 1157 2233 causa
1182 2198 1355 2232 nescitur:
1391 2203 1429 2233 at
1449 2199 1481 2233 si
1503 2198 1726 2233 coniecturae

263 2245 359 2279 locus
383 2244 502 2288 datur,
530 2244 628 2279 dico:
659 2256 734 2279 cum
758 2244 887 2290 plebeii
909 2256 1008 2279 mane
1031 2244 1168 2289 quidem
1192 2244 1303 2278 sobrii
1326 2244 1416 2287 sint,
1441 2250 1521 2290 post
1542 2244 1725 2290 prandium

265 2290 469 2335 pierumque
498 2290 587 2324 ebrii
619 2295 656 2325 et
687 2291 796 2334 magis
822 2290 1018 2335 temerarii,
1054 2291 1177 2325 merito
1202 2301 1299 2324 mane
1320 2290 1414 2324 tubis
1438 2295 1566 2325 canunt
1588 2302 1630 2324 eo
1654 2301 1724 2335 quo

266 2336 415 2371 diximus
439 2337 561 2380 modo,
597 2341 678 2381 post
700 2337 880 2381 prandium
902 2348 987 2370 vero
1010 2347 1248 2381 nequaquam,
1283 2348 1327 2370 ne
1351 2335 1429 2381 quis
1452 2337 1570 2372 ebrius
1591 2336 1724 2371 incom-

266 2383 382 2428 posite
407 2387 444 2417 et
465 2388 597 2416 temere
621 2382 664 2416 ad
690 2382 932 2427 imperatorem
956 2383 1112 2417 accedat.

356 2450 504 2496 Insuper
533 2454 767 2504 protostrator
790 2455 844 2484 est
869 2449 1034 2484 defensor
1064 2462 1181 2484 eorum
1203 2450 1264 2496 qui
1287 2450 1510 2486 excursiones
1530 2448 1664 2484 faciunt
1687 2453 1726 2484 et

264 2497 411 2540 praedas
444 2503 571 2541 agunt·
602 2507 679 2530 cum
709 2494 799 2530 enim
828 2494 889 2529 isti
919 2507 1033 2541 neque
1064 2504 1195 2530 certum
1228 2497 1382 2531 ordinem
1405 2507 1518 2542 neque
1545 2494 1723 2542 proprium

265 2541 471 2576 flammulum
498 2542 668 2585 habeant,
702 2542 765 2576 sed
789 2542 932 2575 confuse
967 2546 1002 2575 et
1033 2542 1109 2576 sine
1133 2542 1255 2577 ordine
1279 2543 1456 2598 ferantur3
1489 2546 1724 2587 protostrator

264 2599 355 2632 pone
378 2588 572 2622 consistens
596 2587 754 2622 defendit
776 2587 872 2631 illos,
904 2587 934 2620 si
958 2587 1082 2622 bellum
1107 2588 1259 2632 ingruat.
1306 2589 1386 2623 ideo
1406 2589 1508 2623 etiam
1527 2592 1722 2641 protostra-

264 2640 320 2666 tor
344 2633 558 2686 appellatur,
582 2633 737 2668 nimirum
762 2633 853 2679 quod
878 2633 1060 2667 antecedat
1081 2638 1191 2668 totum
1215 2634 1392 2678 στρατόν,
1420 2635 1485 2668 hoc
1508 2637 1562 2667 est
1585 2632 1721 2667 exerci-

263 2685 348 2713 tum.
396 2691 439 2713 ex
462 2679 665 2714 animalibus
689 2691 772 2713 vero
797 2679 926 2724 praeda
948 2679 1102 2722 abactis,
1139 2692 1365 2725 quaecunque
1382 2660 1499 2714 'colore
1513 2683 1595 2713 sunt
1608 2678 1720 2723 varia,

266 2735 357 2769 quae
382 2725 600 2759 nominantur
622 2725 791 2771 phytiiia‚
816 2736 887 2760 mos
911 2730 966 2759 est
987 2731 1274 2770 protostratorem
1297 2726 1470 2772 accipere.

358 2792 508 2837 Magnus
540 2793 718 2837 logotheta
749 2797 847 2828 curat
876 2792 981 2828 missa
1008 2795 1168 2829 mandata
1191 2799 1227 2829 et
1249 2793 1488 2846 chrysobullas
1511 2803 1575 2826 seu
1597 2802 1721 2826 aureas

266 2837 479 2928 ἷὲίίεὲῗιῗθῐῑὲιέ
496 2851 597 2884 reges
621 2840 776 2875 suitanos
800 2839 998 2886 toparchas.
1045 2846 1082 2875 et
1101 2840 1167 2875 hoc
1185 2852 1307 2875 munus
1327 2838 1505 2885 proprium
1529 2844 1585 2874 est
1607 2836 1722 2883 magni
