1864 3164
324 175 419 221 396

364 283 510 328 agebant
530 283 609 321 304.
634 295 748 319 eorum
774 284 873 319 Nilus
895 285 1020 331 aliique

363 331 477 364 fontes
500 332 543 365 ob
566 330 757 365 miraculum
778 330 813 365 in
830 332 924 366 Cana
943 333 1020 367 Ga-

362 375 482 410 lilaeae
502 376 612 410 vinosi
635 377 714 411 506.

318 424 376 455 aer
398 421 534 465 sciadii,
563 425 622 456 aet
653 422 764 456 velum
797 432 927 457 sacrum
952 433 1018 466 quo

359 472 478 500 sancta
492 467 526 500 in
542 467 634 500 disco
651 472 810 512 teguntur
827 470 906 504 221.
922 467 1019 503 thure

361 517 545 557 vaporatur
567 513 650 546 ibid.

315 558 496 603 Aethiopes
519 559 563 591 ob
596 557 721 592 Christi
751 557 949 604 baptismum
979 569 1019 593 se

358 604 454 647 aquis
478 608 632 647 mergunt
664 605 744 640 306.
777 604 888 638 media
918 609 1018 639 nocte

358 661 402 682 ex
425 648 572 693 proximo
603 650 761 683 hauriunt
782 654 819 683 et
841 650 1019 696 incorrup-

355 701 426 727 tam
447 698 588 728 servant
609 706 728 740 aquam
752 695 836 730 ibid.

311 739 458 782 Agareni
489 739 542 773 bis
567 739 611 773 ab
643 742 726 774 urbe
758 740 858 787 cpoli
888 739 1018 787 repulsi

357 796 422 829 ope
440 785 472 818 b.
499 785 635 829 virginis
657 788 736 822 323.

312 840 435 873 agnum
457 832 627 865 Christum
653 831 824 876 significat
855 831 1017 877 omopho-

358 875 454 916 rion‚
477 877 583 911 vestis
605 889 701 912 sacra
725 890 768 911 ex
790 878 867 912 lana
891 880 968 914 168.

311 920 502 956 Alexander
525 933 663 966 magnus
695 923 805 957 victor
836 923 934 957 Darii
958 924 1016 968 54,

356 969 414 1002 22.
447 966 482 1001 in
515 968 586 1002 eius
617 968 714 1004 domo
746 973 889 1014 paterna
922 970 1017 1004 velut

354 1023 569 1048 successores
585 1013 736 1047 coluntur
757 1014 859 1060 impp.
873 1014 1017 1050 Romani

354 1059 400 1094 55
414 1083 424 1100 ‚
450 1061 484 1093 6.

354 1103 504 1137 moribus
538 1105 690 1138 insuetus
721 1116 805 1150 puer
839 1105 1018 1142 emendare

354 1160 457 1182 senex
482 1149 607 1194 nequiit
629 1152 707 1186 211.

307 1194 554 1228 Alexandrinus
577 1195 768 1239 patriarcha
789 1195 880 1230 solus
894 1200 1014 1242 operto

352 1240 465 1284 capite
496 1241 665 1275 sacrificat
701 1243 779 1277 169.
811 1241 883 1277 eius
913 1242 1015 1278 mitra

353 1285 443 1319 dicta
464 1285 650 1329 Phrygium
671 1287 753 1323 ibid.

305 1330 444 1364 Alexius
469 1331 658 1365 Comnenus
691 1331 770 1377 imp.
806 1331 932 1377 primus
955 1343 1011 1367 se-

354 1377 616 1410 bastocratorem
634 1382 728 1411 creat
748 1378 887 1412 fratrem
910 1380 953 1423 7,
978 1382 1010 1414 1.

348 1422 490 1455 eundem
517 1422 656 1456 Caesari
687 1423 860 1467 anteponit
886 1425 932 1465 7,
955 1426 1011 1460 11.

352 1469 428 1502 174.
461 1472 513 1500 est
547 1467 710 1502 fecundus
745 1467 780 1501 in
819 1468 1011 1503 commentis

347 1523 511 1546 novarum
525 1513 721 1556 dignitatum
736 1515 759 1549 7
769 1539 780 1558 ,
803 1516 836 1549 8.
858 1518 897 1548 ut
911 1514 1011 1547 char-

347 1558 512 1602 tophylax
544 1564 623 1592 ante
659 1559 837 1605 episcopos
875 1559 1011 1594 sederet

345 1604 521 1649 rescripsit
560 1606 636 1640 120.
676 1605 764 1639 idem
803 1605 1011 1648 excogitavit

344 1648 542 1692 dignitatem
565 1650 864 1695 panhypersebasti
886 1653 929 1693 7,
955 1652 1011 1687 17.

344 1695 463 1729 eadem
497 1701 595 1729 ornat
627 1695 828 1730 Michaelem
859 1695 1010 1730 Taroni-

343 1745 413 1773 tem
438 1744 479 1783 7,
506 1743 560 1776 18.
583 1742 708 1775 abusus
731 1753 817 1775 voce
840 1746 875 1775 et
897 1741 1010 1786 digni-

344 1791 418 1819 tate
433 1787 583 1829 sebasti,
606 1797 694 1832 quae
711 1787 815 1821 solius
829 1787 907 1833 imp.
922 1790 958 1833 8,
974 1788 1008 1825 6.

298 1831 420 1875 aliptes
445 1832 526 1866 320.

297 1877 536 1956 υὶιᾶἒίἒιειτὶιιω
558 1876 638 1923 imp.
659 1876 854 1912 vestiarium
879 1878 938 1921 31,
954 1878 1010 1915 16.

346 1924 368 1955 2
417 1948 424 1956 .

298 1967 456 2010 alogator
477 1971 614 2013 praeest
636 1967 795 2003 militibus
817 1978 921 2012 equos
944 1967 1008 2002 ha-

346 2013 503 2047 bentibus
529 2016 595 2056 37,
626 2015 662 2049 7.
693 2014 781 2049 alius
809 2013 1009 2049 habentibus

346 2059 485 2104 spathas
506 2059 571 2100 37,
596 2062 648 2094 10.

297 2103 418 2138 altaris
440 2104 686 2136 tabernaculum
719 2113 780 2137 seu
809 2103 904 2136 loeus
925 2113 1006 2136 san-

344 2149 429 2182 ctior
452 2148 574 2182 dicitur
600 2148 699 2193 βῆμα
720 2148 800 2184 149.
820 2159 882 2192 pro
906 2147 1006 2182 altari

341 2193 495 2239 portatili
532 2193 714 2228 utebantur
754 2192 879 2227 Graeci
915 2193 1003 2227 anti-

341 2238 478 2273 mensiis
502 2238 578 2274 147.

295 2286 429 2324 umbon,
453 2284 546 2318 locus
568 2293 678 2329 capax
699 2285 736 2316 et
757 2285 896 2316 ornatus
918 2285 1003 2317 tem-

340 2330 387 2368 pli
410 2331 490 2364 357.
514 2329 596 2363 inibi
624 2332 804 2363 coronatus
828 2333 863 2361 et
884 2328 1001 2362 initia-

340 2381 397 2409 tus
419 2375 496 2422 imp.
528 2375 702 2409 ambonem
725 2378 761 2408 et
780 2373 906 2407 soleam
921 2383 1001 2408 casu

338 2421 462 2455 trullae
510 2419 746 2454 comminutum
782 2430 848 2453 non
889 2419 1002 2464 potuit

338 2467 519 2511 splendore
540 2466 615 2511 pari
649 2464 831 2500 restituere
854 2464 1000 2498 Iustinus

338 2513 403 2556 90,
443 2513 485 2546 18
518 2523 591 2556 sqq.
636 2512 716 2547 361.
759 2521 800 2544 eo
845 2509 1001 2544 defertur

337 2557 550 2601 evangelium
574 2568 647 2590 cum
676 2555 886 2601 lampadibus
921 2556 999 2591 160.

338 2603 489 2636 diaconis
511 2603 544 2635 in
567 2614 609 2636 eo
628 2602 727 2636 datur
749 2602 877 2646 signum
899 2611 1000 2644 sepa-

339 2648 436 2681 randi
481 2648 740 2683 catechumenos
782 2658 805 2682 a
843 2646 1001 2681 fidelibus

292 2738 517 2772 ambulacrum
533 2738 677 2782 erigitur
695 2738 728 2772 in
744 2737 861 2783 palmis
874 2762 885 2780 ,
904 2736 1000 2770 flori-

337 2784 400 2816 bus
414 2785 659 2829 conspergitur,
670 2783 890 2829 diripiendum
903 2783 1000 2818 finito

338 2829 438 2863 datur
461 2829 575 2864 officio
598 2833 659 2873 68,
684 2833 727 2867 16
749 2841 824 2876 sqq.

518 1058 606 1093 idem
635 1059 805 1093 Leonidae
835 1059 936 1094 baiuli
964 1061 1022 1105 sut,

904 179 1180 225 GRETSERI

1062 297 1084 322 a
1097 286 1275 332 memoria,
1297 286 1389 324 offic.
1405 288 1462 326 58.
1484 288 1588 334 palat.
1617 293 1680 335 11,
1704 291 1762 328 17.

1107 336 1302 368 ornamenta
1322 334 1388 379 26,
1416 335 1452 372 5.
1481 336 1604 370 functio
1636 337 1700 379 41,
1726 340 1764 374 8.

1107 382 1161 413 est
1181 379 1361 414 memoriae
1380 379 1560 424 magister,
1583 392 1650 415 non
1670 382 1765 416 absi-

1107 423 1193 458 milis
1226 423 1328 459 alteri
1356 425 1605 470 ecclesiastico,
1634 438 1764 473 sugge-

1107 469 1193 505 stori
1218 469 1294 506 143.

1060 515 1236 560 ampullam
1250 525 1383 550 auream
1395 514 1559 560 duplicem
1573 519 1666 550 tenet
1678 516 1763 551 lam-

1106 560 1266 606 padarius
1294 560 1357 602 44,
1393 563 1445 597 10.
1469 561 1533 604 45,
1556 564 1587 597 1.
1609 562 1675 603 49,
1707 562 1762 599 14.

1105 607 1185 642 275.
1208 605 1386 651 simplicem
1403 610 1498 640 tenet
1519 606 1554 640 in
1569 607 1764 641 clericorum

1104 651 1312 686 ordinatione
1328 651 1494 686 secundus
1509 651 1664 686 ostiarius
1679 654 1763 688 276.

1106 697 1274 741 ampullae
1297 697 1403 731 oleum
1425 708 1555 732 sacrum
1570 702 1606 732 et
1620 697 1763 732 chrisma

1105 742 1322 777 continebant
1349 743 1433 777 ibid.
1464 741 1540 775 inde
1571 753 1764 790 monampu-

1106 787 1165 822 lon
1187 792 1223 822 et
1251 787 1462 834 dibampulon
1479 787 1566 822 ibid.
1592 787 1670 824 149.

1059 834 1245 870 anabathra
1274 834 1457 868 exstruitur
1491 837 1697 878 orneturque
1725 833 1762 868 in

1103 879 1318 914 coronatione
1349 879 1428 925 imp.
1449 881 1518 924 89,
1553 882 1608 915 10.
1629 879 1664 914 in
1689 890 1763 913 eam

1101 924 1254 960 ascendit
1284 924 1366 969 imp.
1395 928 1574 959 coronatus
1604 925 1670 968 91,
1706 927 1762 960 10.

1104 975 1142 1006 et
1177 970 1371 1015 imperatrix
1406 975 1568 1004 coronata
1601 971 1665 1012 92,
1703 971 1763 1006 21.

1104 1015 1242 1050 eandem
1261 1020 1426 1059 occupant
1442 1015 1670 1060 protopsaltae
1682 1014 1762 1048 inde

1103 1061 1293 1095 accinentes
1309 1062 1374 1105 93,
1395 1062 1430 1094 5.
1456 1060 1523 1095 alia
1540 1061 1619 1094 item
1642 1059 1763 1094 sedent.

1104 1106 1218 1142 aureis
1237 1106 1351 1140 velata
1382 1106 1465 1140 velis
1490 1105 1571 1150 imp.
1601 1109 1636 1139 et
1666 1109 1762 1151 pater

1101 1154 1159 1188 97.
1183 1151 1368 1186 exstruitur
1391 1151 1457 1185 alia
1476 1150 1511 1184 in
1532 1150 1675 1186 triclinio
1696 1161 1763 1197 pro

1102 1197 1304 1241 designando
1326 1197 1517 1242 patriarcha
1541 1198 1622 1232 102.

1055 1253 1201 1277 anacara
1223 1248 1386 1289 tympana
1399 1242 1572 1287 equitante
1589 1241 1668 1288 imp.
1683 1241 1763 1288 pul-

1099 1294 1218 1322 santur
1239 1290 1304 1329 31,
1332 1290 1387 1324 18.
1417 1288 1498 1325 254.

1053 1333 1226 1368 Anastasii
1254 1333 1335 1377 imp.
1364 1338 1517 1378 tempore
1551 1336 1631 1368 sunt
1658 1341 1761 1367 usur-

1098 1385 1180 1424 pata
1200 1378 1342 1425 primum
1358 1378 1510 1413 comanis
1532 1379 1611 1414 139.

1053 1435 1294 1479 anastasimon‚
1317 1444 1423 1479 genus
1445 1433 1568 1469 cantici
1593 1434 1670 1470 155.

1053 1490 1334 1527 Anconitanorum
1365 1490 1448 1524 Cos.
1486 1489 1522 1524 in
1551 1489 1684 1524 nativit.
1714 1489 1760 1525 ad

1098 1548 1245 1571 mensam
1258 1537 1340 1581 imp.
1360 1536 1448 1570 bene
1467 1541 1624 1581 precatur
1638 1537 1705 1582 57,
1720 1538 1759 1574 5.

1052 1592 1205 1629 Andreas
1220 1591 1394 1627 Cretensis
1419 1596 1539 1626 auctor
1561 1591 1674 1637 magni
1697 1603 1761 1626 ca-

1097 1638 1206 1681 nonis,
1233 1638 1304 1672 eius
1319 1637 1462 1680 natales,
1486 1637 1608 1680 studia,
1633 1637 1761 1683 scripta

1097 1683 1256 1728 vitaeque
1276 1683 1507 1728 compendium
1531 1684 1614 1720 320.
1638 1684 1722 1720 321.

1051 1740 1261 1777 Andronicus
1290 1740 1516 1784 Palaeologus
1545 1738 1672 1785 primus
1698 1750 1760 1774 seu

1097 1786 1210 1822 senior
1227 1785 1443 1820 Theodorum
1459 1785 1679 1820 Metochitam
1698 1796 1759 1819 ae-

1097 1831 1179 1866 rarii
1209 1831 1338 1876 publici
1370 1841 1523 1875 magnum
1553 1830 1759 1874 logothetam

1097 1877 1272 1912 constituit
1299 1882 1335 1910 et
1365 1875 1664 1921 stratopedarchae
1695 1886 1759 1910 an·

1096 1922 1232 1967 teponit
1252 1925 1296 1964 9,
1321 1924 1375 1958 15.
1397 1922 1468 1957 eius
1491 1933 1534 1955 ex
1555 1932 1673 1956 sorore
1694 1932 1760 1954 ne-

1097 1973 1198 2014 potes
1236 1967 1400 2002 cabbadia
1443 1965 1588 2012 duplicis
1635 1965 1758 2000 coloris

1096 2013 1231 2057 aliaque
1253 2013 1432 2056 gestabant
1456 2013 1519 2054 18,
1542 2013 1576 2046 2.
1598 2011 1757 2045 Ioannem

1094 2063 1252 2102 nepotem
1282 2056 1626 2102 panhypersebastum
1656 2067 1758 2090 orna-

1095 2102 1217 2137 mentis
1239 2102 1322 2137 facit
1338 2101 1566 2146 augustiorem
1583 2103 1660 2138 177.
1677 2102 1756 2146 equi

1093 2147 1257 2182 hinnitum
1287 2159 1329 2181 ex
1368 2147 1513 2191 imagine
1548 2147 1587 2181 S.
1613 2147 1758 2191 Georgii

1094 2193 1220 2226 editum
1252 2193 1427 2227 inaudiens
1465 2191 1553 2226 male
1591 2193 1757 2227 ominatur

1091 2239 1172 2274 315.
1196 2238 1240 2273 ad
1259 2239 1371 2272 divam
1388 2237 1618 2281 hodegetriam
1635 2238 1757 2272 confu-

1091 2284 1165 2328 git,
1188 2288 1367 2329 precatur,
1398 2283 1534 2317 iuvatur
1562 2285 1642 2319 316.
1682 2294 1755 2317 mo-

1091 2330 1219 2364 nachus
1235 2329 1370 2364 biennio
1386 2329 1422 2363 in
1442 2327 1539 2363 Libis
1553 2328 1754 2364 monasterio

1045 2375 1252 2455 Anhlffilitchz
1266 2375 1385 2455 {lgion-
1406 2418 1510 2465 Cpoli
1533 2422 1632 2464 capta
1651 2428 1752 2472 aynm

1090 2465 1208 2500 verbis
1239 2470 1276 2500 et
1314 2466 1469 2511 amplexu
1500 2467 1651 2506 recreat,
1680 2475 1753 2508 ipse

1092 2522 1227 2556 quoque
1249 2511 1362 2546 divam
1386 2509 1627 2554 Hodegetriam
1646 2519 1752 2542 vene-

1091 2562 1186 2591 ratus
1209 2558 1288 2592 316.
1313 2555 1436 2602 excipit
1450 2566 1606 2601 sponsam
1625 2555 1752 2588 Annam

1091 2602 1279 2636 Sabaudam
1301 2604 1380 2638 382.
1404 2601 1475 2636 eius
1492 2600 1646 2634 humilem
1674 2598 1751 2632 ani-

1044 2659 1051 2669 ’
1089 2659 1177 2682 mum
1193 2648 1298 2694 carpit
1319 2648 1495 2690 Gregoras
1508 2646 1589 2681 ³84.
1607 2643 1660 2677 hic
1678 2645 1748 2677 An-

1089 2693 1249 2727 dronicus
1281 2693 1446 2727 secundus
1480 2691 1751 2725 Cantacuzenum

1089 2738 1184 2772 iubet
1199 2749 1352 2782 magnum
1377 2735 1594 2772 domesticum
1616 2739 1651 2768 et
1666 2745 1752 2779 pan-

1089 2784 1337 2828 hypersebasto
1360 2782 1530 2827 aequalem
1552 2779 1638 2814 facit
1658 2780 1752 2814 aliis-

1090 2840 1158 2874 que
1181 2830 1386 2876 superiorem
1409 2830 1453 2872 7,
1475 2827 1521 2862 23
1544 2837 1618 2871 sqq.
