1820 3178
244 212 335 260 148
455 214 730 260 GRETSERI
746 216 821 259 ET
841 215 1016 260 GOARI
1035 216 1477 262 COMMENTARIUS

235 326 427 377 subiungit
446 325 605 364 Citrius:
641 328 675 364 si
691 324 852 376 templum
870 338 937 364 non
961 330 1012 364 est
1034 326 1257 379 dedicatum,
1289 327 1382 380 quoa
1405 329 1441 368 ei
1459 326 1578 380 deest,
1608 342 1693 370 ean-

234 386 448 436 ctzficatoria
471 386 527 421 vis
546 385 745 420 antimensii
765 383 894 434 implet.
950 383 1093 434 ideoque
1110 386 1150 422 in
1171 397 1239 423 non
1261 389 1458 424 comeo-rato
1482 386 1610 438 tempto
1626 400 1689 425 sa-

234 443 407 493 craficium
423 441 497 477 sine
515 441 720 477 antz‘mensio
732 438 1042 490 nunquamfacere
1062 439 1154 478 licet.
1209 445 1243 478 et
1266 441 1442 480 sacerdota
1461 454 1523 493 qm
1539 442 1604 480 leoc
1617 455 1689 482 au-

233 511 294 536 sus
306 497 441 555 suerit,
460 508 573 547 poena
594 496 661 532 erit
684 495 862 546 deposttio.
915 508 980 547 per
1001 497 1076 534 iota
1098 500 1214 535 autem
1237 497 1402 536 serabitur
1421 494 1490 538 διὰ
1508 493 1554 538 το“
1573 496 1690 539 ἐθνι-

231 549 327 594 κόν·
354 550 402 592 τοέ
427 549 503 605 γάρ
535 547 681 591 ἐθνικοὶ
706 548 807 591 aava}
831 547 903 592 τόν
922 550 1191 604 γραμματικόν
1219 548 1373 593 κανόνα
1393 550 1485 594 οὔτε
1501 568 1689 608 παραγω-

230 607 306 664 γιὲς
325 607 418 650 οὔτε
441 602 613 654 κανόνας
642 606 813 659 ἔχουσιν.
869 606 976 646 solent
993 613 1108 647 autem
1128 611 1355 660 grammatici
1366 621 1429 660 per
1455 611 1529 649 iota
1545 614 1580 649 et
1601 613 1688 650 omi-

230 680 314 705 cron
329 670 363 704 et
379 664 511 716 epsilon
524 661 594 710 τάς
621 661 787 711 ἕθνικοὲς
819 660 959 714 φωνάς
986 665 1142 704 scribere.
1196 677 1292 715 quae
1313 666 1407 704 ratio
1425 666 1532 705 Citrii
1556 667 1686 718 quanti

230 724 305 774 sit,
333 723 370 760 in
391 720 549 758 cuiusvis
572 719 725 758 arbitrio
745 721 858 758 situm
874 724 968 760 esto.

341 788 407 826 Ait
429 788 581 838 insuper
608 788 816 826 antimensia
842 786 943 826 nullo
964 788 1076 826 modo
1096 787 1234 826 licitum
1257 789 1435 827 conficere
1451 788 1522 827 nisi
1535 789 1575 827 in
1596 789 1684 827 novi

228 846 356 897 templi
378 845 628 893 dedicatione,
653 843 790 892 quique
806 856 912 882 secus
933 848 1069 895 agant,
1100 858 1259 883 canones
1281 846 1510 896 transgredi;
1538 858 1607 883 nec
1623 858 1682 884 re-

84 905 115 940 P
140 906 204 942 171
227 904 324 940 serre
340 914 429 940 num
452 913 569 951 nuper
594 900 772 950 templum
791 901 842 938 sit
866 905 1112 948 exstructum3
1141 903 1232 939 satis
1253 915 1334 940 esse
1355 902 1458 952 quod
1478 914 1556 940 non
1570 902 1682 940 fuerit

226 960 461 1008 dedicatum,
492 956 789 1006 quandocunque
806 958 954 995 demum
971 962 1198 996 exstructum
1215 959 1338 996 fuerit.

339 1026 410 1064 His
430 1025 527 1062 hunc
543 1025 580 1061 in
601 1024 753 1062 modum
770 1024 818 1062 de
836 1025 1136 1063 antimensiorum
1154 1026 1297 1063 ratione
1316 1023 1525 1076 explicatis,
1557 1024 1595 1063 in
1623 1027 1679 1063 te-

224 1096 317 1122 nues
344 1095 453 1120 auras
473 1081 658 1119 evanescit
678 1080 853 1118 Iunianus
885 1082 946 1120 ille
977 1084 1170 1121 antecessui
1188 1094 1323 1120 mensae
1339 1082 1543 1133 praefectus
1555 1109 1569 1130 ,
1598 1094 1680 1119 clun

222 1139 370 1179 scholiis
395 1138 465 1175 illis
494 1150 578 1175 vere
604 1137 731 1174 scoriis
761 1140 799 1174 et
836 1138 993 1176 insulsis.
1050 1151 1119 1177 nos
1146 1140 1372 1188 praefectum
1397 1139 1682 1176 antinoennbmm

224 1197 284 1234 vel
319 1196 525 1234 antimensii
554 1193 804 1240 nominemus3
843 1195 901 1231 cui
924 1199 1071 1245 praeter
1101 1207 1224 1232 curam
1254 1197 1538 1233 antimemiorum
1567 1194 1679 1232 etiam

221 1253 312 1290 haec
330 1250 584 1298 incumbebat,
612 1253 654 1286 ut
677 1262 811 1301 corpus
829 1251 967 1289 domini
989 1256 1205 1303 accepturos
1229 1252 1279 1289 ad
1301 1250 1592 1290 communionem
1611 1262 1679 1288 sen

221 1309 419 1348 deduceret
435 1320 502 1345 seu
515 1307 714 1344 induceret.

797 1469 1070 1478 .—-—-———-—-—

659 1620 1091 1670 CAPUT
1172 1623 1232 1671 X.

329 1789 365 1827 p.
386 1773 412 1817 5
435 1787 468 1812 v.
495 1775 557 1816 20.
613 1742 669 1811 In
686 1777 791 1812 sexta
811 1774 973 1825 pentade
992 1774 1148 1826 primum
1165 1773 1286 1812 locum
1301 1777 1405 1811 tenet
1414 1774 1551 1826 primus
1560 1776 1686 1813 ostia-v

217 1835 294 1871 rim
327 1833 483 1883 ’κρατῶν
507 1827 578 1877 τοὶς
595 1827 731 1882 θύρας
750 1830 807 1878 εἰς
824 1828 893 1878 τοὶς
910 1831 1171 1883 χειροτονίας,
1201 1834 1264 1882 qui
1277 1829 1377 1881 sores
1389 1830 1541 1868 custodit
1552 1833 1590 1868 in
1609 1829 1671 1881 se-r

217 1888 335 1927 rendis
363 1887 573 1937 suffragiis,
609 1886 730 1935 inquit
756 1886 904 1936 Iunius,
943 1888 1168 1924 cliirotom'am
1196 1901 1264 1936 pro
1291 1887 1450 1924 electione
1476 1886 1667 1937 accipienS.

216 1956 288 1994 ego
309 1943 431 1982 malim
459 1943 683 1980 ckz'rotoniam
710 1943 874 1992 accipere
901 1955 970 1992 pro
1002 1943 1154 1991 proprio
1177 1955 1246 1979 suo
1271 1942 1499 1992 significato,
1535 1954 1669 1992 nempe

214 2013 285 2050 pro
305 1999 578 2038 consecratione
599 2010 664 2034 seu
683 1998 914 2035 ordinatione
931 1998 1180 2035 ministrorum
1198 1997 1390 2047 ecclesiae,
1423 1998 1476 2035 ita
1494 2001 1538 2034 ut
1553 1999 1670 2049 primo

214 2057 361 2094 ostiario
383 2066 470 2092 cura
496 2054 627 2090 ianuae
651 2054 874 2091 demandata
900 2054 949 2090 sit
980 2057 1069 2091 tunc
1096 2055 1246 2103 quando
1284 2053 1429 2092 diaconi
1454 2054 1667 2092 sacerdotes

214 2111 351 2160 aliique
377 2110 595 2149 ordinantur
622 2111 661 2146 et
688 2113 958 2146 consecrantur.
1015 2110 1181 2159 quamvis
1205 2121 1431 2161 magnopere
1452 2122 1529 2147 non
1556 2123 1668 2160 repu-

213 2167 358 2218 gnabo,
393 2166 425 2204 si
455 2166 536 2214 quis
565 2164 725 2202 officium
756 2166 863 2214 primi
900 2164 1007 2202 huius
1039 2167 1179 2204 ostiarii
1210 2168 1475 2216 interpretetur
1507 2167 1556 2203 de
1583 2167 1667 2215 ipsa

212 2224 390 2261 electione
419 2222 668 2261 ministrorum
700 2221 894 2270 ecclesiae,
934 2234 1016 2260 cum
1045 2235 1112 2271 per
1129 2223 1307 2274 suffragia
1326 2222 1512 2272 eliguntur
1530 2221 1665 2260 abillis

213 2279 347 2329 quibus
366 2279 422 2315 ius
440 2282 478 2315 et
495 2280 662 2327 potestas
685 2277 861 2327 eligendi:
892 2282 980 2316 tunc
1000 2279 1097 2318 enim
1115 2280 1173 2318 vel
1191 2280 1346 2319 maxime
1364 2281 1514 2318 attento
1537 2282 1576 2316 et
1594 2277 1664 2317 cir-

211 2341 423 2386 cumspecto
450 2335 594 2372 ostiario
612 2345 706 2383 opus
724 2339 793 2371 est.

301 2411 388 2445 ibid.
431 2408 520 2443 Huic
539 2408 631 2443 aliud
648 2419 764 2443 munus
787 2408 973 2454 adiungunt
997 2411 1181 2446 Allatiannz
1208 2407 1249 2446 οἳ
1259 2406 1439 2454 &aruinam
1457 2407 1664 2457 βαστάζους’

210 2467 278 2490 τον
300 2452 443 2501 ῥάβδον
465 2454 533 2489 τοῦ
553 2451 758 2498 ἀρχιερέως.
805 2456 998 2490 cubicularii
1024 2468 1108 2491 onus
1136 2468 1212 2492 esse
1234 2461 1388 2491 asserunt
1412 2456 1497 2491 alia:
1526 2453 1546 2491 ὃ
1571 2467 1657 2491 κου-

210 2501 368 2546 βούκλης
382 2499 446 2535 ἵνα
469 2498 628 2546 βαστᾶζῃ
644 2496 686 2534 τὸ
709 2499 918 2535 ὃεκανίκιον
938 2502 1007 2535 τοῦ
1020 2499 1235 2547 ἀρχιερέως,
1255 2499 1348 2537 ὅταν
1361 2503 1566 2546 περιπατεῖ.

318 2583 355 2620 p.
377 2570 403 2612 5
421 2583 455 2607 v.
475 2571 542 2611 21.
581 2569 763 2608 Secundus
783 2573 949 2608 ostiarius
974 2575 1032 2609 est
1061 2571 1087 2613 ὅ
1101 2575 1257 2622 κρατῶν
1273 2570 1319 2613 vo*
1337 2567 1655 2624 μονοβοὶμβυλον,

207 2629 271 2678 qui
298 2630 408 2672 tenet,
443 2638 508 2663 seu
546 2626 603 2663 cui
633 2627 689 2664 ius
719 2627 757 2664 in
785 2628 1099 2677 monobamhylum:
1131 2630 1183 2667 ita
1211 2629 1329 2666 edidit
1359 2628 1498 2666 Iunius.
1565 2627 1656 2676 quid

203 2694 291 2720 vero
312 2682 382 2720 hoc
401 2682 586 2720 nominis?
612 2683 669 2720 vel
688 2683 812 2732 potius
832 2683 920 2731 quid
948 2685 1130 2722 monstri?
1187 2686 1311 2723 Iunius
1336 2684 1396 2723 hic
1421 2683 1559 2732 multa,
1585 2683 1654 2720 sed

204 2738 315 2787 plane
338 2738 551 2775 ridicularia.
610 2739 699 2787 quid
718 2751 807 2790 ergo
822 2738 870 2780 illi
900 2745 958 2777 est
984 2742 1286 2792 monobambylon?
1340 2741 1414 2777 duo
1435 2739 1516 2778 ioca
1534 2739 1654 2778 chiro·

203 2794 327 2831 toniae
358 2794 572 2844 distinguit,
607 2796 778 2845 alterum,
816 2797 856 2833 in
877 2808 974 2845 quem
997 2810 1021 2834 a
1039 2800 1152 2846 primo
1179 2799 1323 2835 ostiario
1346 2807 1457 2834 omnes
1482 2795 1653 2834 admissos

203 2849 291 2888 dicit
302 2863 386 2901 quos
406 2855 550 2888 noverat
574 2850 696 2890 habere
721 2854 779 2890 iun
810 2850 980 2901 suffragii
1002 2851 1161 2902 serendz'3
1189 2854 1337 2892 alterum
1363 2854 1585 2902 secretiorem,
1609 2853 1650 2890 in
