1832 3178
279 208 344 253 80
695 210 890 254 cole
919 182 1311 256 CUROPALATAE

275 321 596 379 παραγενομένου
626 322 693 379 ἐφ’
727 317 776 364 οὗ
801 321 822 365 ὅ
854 324 1032 381 σταυρὸς
1060 326 1246 378 ἵσταται,
1276 325 1316 369 ’ὃ
1340 325 1464 370 πάλαι
1486 326 1614 386 φόρος
1633 327 1727 372 ἕκα-

223 392 254 427 Β
278 394 403 441 λεῒτο,
439 390 650 446 ἀπέρχεται
675 389 695 432 ὅ
715 392 907 443 βασιλεὺς
933 395 1000 436 καὶ
1033 393 1166 437 ἀκούει
1186 395 1258 450 τὴν
1279 396 1372 438 κατ’
1401 390 1500 447 ἔθος
1519 399 1641 440 ἕκεῖσε
1662 397 1728 440 ἐκ·-

274 459 512 513 τελουμένην
546 458 805 502 ἀκολουθίαν.
871 462 973 515 μετὰ
994 463 1038 505 δὲ
1057 462 1129 518 τὴν
1150 461 1346 507 ἀπόλυσιν
1366 463 1580 522 ἀπέρχεται
1603 460 1728 516 αὖθις

276 529 330 577 εἷς
351 527 395 570 τὸ
418 524 626 568 παλάτιον.

411 595 531 636 Κατὰ
558 594 630 648 τὴν
657 591 799 650 ἑορτὴν
819 601 899 639 τῶν
919 599 1099 653 γενεσίων
1125 604 1196 654 τῆς
1216 598 1416 643 θεοτόκου
1435 599 1648 658 ἀπέρχεται
1670 601 1758 652 εῗς5

271 664 346 718 τὴν
369 663 592 717 σεβασμιάν
609 663 736 718 μονὴν
755 664 828 718 τὴν
845 669 918 708 τοῦ
934 665 1085 719 Λιβός.

127 741 156 776 Ρ
182 742 250 777 113
406 731 528 773 Κατὰ
561 730 633 785 τὴν
667 730 829 787 μνήμην
866 738 939 777 τοῦ
974 733 1149 790 μεγάλου
1179 735 1417 792 Δημητρίου
1455 737 1512 787 εἷς
1546 736 1620 791 τὴν
1657 736 1724 779 ἐπ’

272 797 439 853 ὀνόματι
479 799 605 842 αὐτοῦ
641 801 867 857 τιμωμένην
906 805 1130 858 σεβασμιάν
1167 804 1295 859 μονὴν
1327 804 1401 859 τὴν
1427 810 1508 848 τῶν
1538 807 1728 848 Παλαισ-

273 866 413 924 λόγων.

409 936 530 978 Κατὰ
550 936 623 991 τὴν
640 942 711 980 τοῦ
733 936 907 995 μεγάλου
926 937 1226 997 Χρυσοστόμου
1247 937 1409 996 μνήμην
1432 940 1646 999 ἀπέρχεται
1671 943 1727 992 εἷς
1739 949 1784 985 10

274 1004 348 1059 τὴν
367 1002 484 1060 ἁγίαν
504 1006 673 1061 Σοφίαν,
709 1009 774 1049 καὶ
795 1006 928 1050 ἀκούει
949 1009 1022 1062 μὲν
1041 1013 1120 1051 τῶν
1142 1001 1356 1066 {adipem
1375 1008 1525 1063 ὕμνων,
1559 1011 1661 1063 μετὰ
1681 1011 1726 1053 δὲ

274 1073 347 1126 τὴν
375 1071 568 1115 ἀπόλυσιν
599 1073 804 1130 ἀνέρχεται
831 1077 885 1126 εἷς
915 1076 960 1119 τὸ
982 1079 1135 1119 κελλιόν
1155 1081 1225 1119 τοῦ
1247 1075 1495 1134 πατριάρχου
1518 1077 1728 1121 ἀναπαυό-

276 1157 395 1196 μενος
411 1144 555 1184 ἒκεῖσε·
598 1148 646 1199 τῇ
671 1144 713 1185 δὲ
734 1143 923 1199 ἐπαύριον
945 1145 1048 1187 κατὰ
1066 1145 1133 1187 τὸν
1150 1149 1221 1199 τῆς
1238 1146 1355 1195 θείας
1373 1147 1618 1204 λειτουργίας
1636 1164 1728 1190 και-

279 1208 349 1266 ρὸν
370 1210 622 1266 κατέρχεται,
653 1213 720 1253 καὶ
742 1211 889 1267 ταύτης
910 1213 1164 1268 τελεσθείσης
1187 1212 1413 1270 ἀπέρχεται.

411 1278 531 1319 Κατὰ
553 1277 625 1332 τὴν
650 1284 729 1322 τῶν
751 1282 931 1323 εἷσοδίων
949 1287 1021 1337 τῆς
1040 1279 1236 1325 θεοτόκου
1252 1280 1415 1339 μνήμην
1435 1282 1649 1341 ἀπέρχεται
1670 1283 1727 1334 εἷς
1739 1290 1782 1327 15

276 1346 349 1401 τὴν
368 1350 439 1400 τῆς
459 1347 737 1403 Περιβλίπτου
760 1351 984 1405 σεβασμιάν
1002 1349 1142 1406 μονήν.

222 1423 251 1457 Β
413 1415 533 1456 Κατὰ
564 1415 637 1470 τὴν
666 1421 737 1459 τοῦ
765 1416 940 1473 μεγάλου
964 1420 1180 1461 Βασιλείου
1213 1416 1425 1476 ἀπέρχεται
1455 1415 1648 1469 ὡσαύτως
1674 1419 1730 1469 εἷς

273 1482 347 1537 τὴν
363 1482 429 1524 ἐπ’
457 1481 623 1536 ὀνόματι
644 1485 769 1527 αὐτοῦ
785 1487 1011 1542 τιμωμένην
1030 1487 1254 1542 σεβασμίαν
1270 1486 1412 1542 μονήν.

409 1550 530 1593 Κατὰ
558 1551 631 1606 τὴν
662 1558 734 1607 τῆς
763 1552 998 1610 ὖπαπαντῆς
1028 1554 1169 1612 ἑορτὴν
1201 1557 1256 1606 εἷς
1286 1554 1355 1598 τὸν
1385 1559 1466 1597 τῶν
1487 1556 1730 1611 Βλαχερνιῦν

269 1617 380 1669 ναόν,
417 1618 751 1663 ἀκολουθούντων
780 1625 845 1664 καὶ
871 1627 951 1666 τῶν
969 1621 1207 1679 Βαράγγων.
1275 1625 1342 1665 καὶ
1364 1621 1533 1665 πάντοτε
1559 1622 1632 1676 μὲν
1655 1626 1726 1665 τοῦ
1737 1632 1784 1668 20

268 1687 469 1740 βασιλέως
490 1688 847 1741 καβαλλικεύοντος
875 1691 1185 1743 ἀκολουθοῦσιν,
1222 1691 1410 1749 φέροντες
1430 1690 1496 1734 ἐπ’
1518 1689 1639 1744 ὤμων
1658 1689 1732 1740 τὰς

269 1757 442 1805 πελέκεις
474 1756 607 1798 αὐτῶν
639 1760 704 1799 καὶ
737 1759 854 1816 μέχρι
887 1765 967 1802 τῶν
993 1758 1190 1814 ιΥψηλιῦν
1224 1758 1509 1815 ἀπερχόμενοι,
1555 1758 1658 1801 κατὰ
1686 1758 1731 1800 δὲ

271 1823 421 1877 ταί-την
442 1823 514 1878 τὴν
534 1823 677 1882 ἑορτὴν
695 1827 814 1883 με’χρι
832 1830 898 1869 καὶ
918 1832 990 1870 τοῦ
1010 1833 1108 1870 ναοῦ
1126 1829 1437 1872 ἀκολουθοῦσιν.
1498 1826 1545 1870 οὗ
1565 1825 1648 1882 μὴν
1662 1827 1730 1869 καὶ

364 1920 387 1954 6
412 1917 613 1963 σεβασμίοιν
636 1931 690 1954 om
715 1919 746 1956 A

272 1997 423 2041 batur),
457 1997 493 2031 in
527 1997 624 2032 cuius
657 1998 790 2033 vertice
825 2010 909 2034 crux
932 2000 1077 2044 visitur,
1117 2012 1159 2034 eo
1182 1999 1286 2035 etiam
1310 2011 1349 2035 se
1370 1999 1508 2035 confert
1529 1999 1730 2046 imperat-or,

274 2043 439 2087 auditque
464 2044 555 2121 ‹lluod
582 2055 645 2088 pro
667 2056 762 2078 more
787 2044 839 2079 ibi
862 2046 1043 2091 peragitur
1066 2046 1230 2081 officium.
1279 2046 1444 2081 missione
1469 2047 1552 2082 data
1577 2047 1730 2082 reverti·-

272 2096 331 2124 tur
354 2089 398 2122 ad
444 2089 597 2123 aatium.

312 2169 324 2174 -
364 2135 406 2168 In
421 2100 519 2168 ¹i'esto
546 2133 740 2169 nativitatis
763 2136 928 2181 deiparae
952 2136 1027 2171 abit
1057 2138 1101 2171 ad
1123 2137 1325 2172 venerabile
1347 2137 1592 2172 monasterium
1614 2137 1728 2175 Libis-

362 2180 404 2214 In
428 2179 592 2214 memoria
615 2181 730 2224 magni
754 2182 922 2216 Demetrii
952 2184 1025 2216 abit
1059 2183 1247 2227 imperator
1281 2184 1324 2218 ad
1355 2184 1587 2218 venerandum
1609 2195 1730 2219 mona—

272 2226 414 2261 sterinm
439 2225 733 2270 Paiaeologorum‚
760 2228 852 2271 quod
877 2228 1013 2262 nomine
1038 2229 1209 2274 praedicti
1230 2229 1392 2273 martyris
1419 2229 1617 2274 insignitur.

365 2271 473 2305 Festo
500 2272 613 2316 magni
638 2272 879 2316 Chrysostomi
914 2275 1052 2308 confert
1082 2286 1122 2308 se
1154 2275 1198 2309 ad
1230 2275 1270 2308 S.
1295 2274 1486 2320 Sophiam,
1522 2281 1559 2309 et
1581 2275 1730 2310 intersst

272 2317 485 2362 vespertinis
508 2317 680 2351 laudibus.
730 2319 855 2363 quibus
879 2320 1046 2353 absolutis
1077 2320 1195 2354 celiam
1227 2320 1447 2366 patriarchae
1475 2322 1583 2367 petit,
1621 2327 1659 2356 ut
1679 2321 1729 2355 ibi

273 2363 443 2407 quiescat.
491 2369 632 2408 postero
667 2362 725 2398 die
759 2364 853 2398 circa
883 2365 1047 2410 liturgiae
1080 2371 1216 2412 tempus
1250 2367 1451 2411 descendit,
1486 2377 1599 2412 eaque
1629 2367 1731 2402 finita

271 2409 431 2444 discedit.

362 2455 403 2488 In
427 2455 708 2500 praesentatione
729 2454 894 2501 deiparae
918 2456 1088 2501 virginis,
1123 2457 1260 2501 quando
1291 2458 1456 2502 templum
1479 2457 1640 2503 ingressa
1662 2463 1729 2502 est,

271 2501 344 2535 abit
369 2501 413 2534 ad
436 2501 669 2536 venerandum
693 2502 936 2536 monasterium
961 2507 1141 2548 spectatae
1165 2509 1200 2537 et
1227 2503 1450 2538 admirandae
1473 2504 1621 2549 virginis
1652 2503 1731 2538 dei-

297 2558 391 2581 arae.

270 2559 292 2592 p
361 2593 471 2626 Festo
508 2591 625 2637 magni
648 2591 769 2626 Basilii
802 2593 938 2627 confert
970 2605 1009 2627 se
1038 2593 1227 2639 imperator
1257 2595 1301 2630 ad
1331 2593 1533 2629 venerabile
1555 2599 1731 2629 monaste-

269 2638 370 2680 rium,
399 2638 492 2681 quod
515 2638 615 2672 istius
639 2639 776 2672 nomine
800 2638 999 2672 honoratur.

360 2683 400 2716 In
426 2684 516 2717 festo
538 2695 700 2718 occursus
724 2696 785 2718 seu
808 2684 1059 2728 purificationis
1083 2683 1211 2729 recipit
1232 2697 1271 2719 se
1294 2685 1483 2730 imperator
1502 2685 1546 2719 ad
1562 2683 1729 2725 Blacher-

271 2740 390 2763 narum
413 2729 595 2773 templum,
633 2730 875 2765 comitantibus
899 2730 1089 2774 Barangis‚
1125 2731 1183 2774 qui
1206 2742 1343 2775 semper
1363 2732 1603 2775 imperatorem
1628 2730 1728 2775 equi-

271 2780 400 2809 tantem
426 2775 652 2818 comitantur,
689 2782 868 2821 portantes
901 2776 1051 2809 humeris
1083 2776 1155 2810 suis
1182 2788 1323 2810 secures
1355 2787 1452 2817 suas,
1484 2776 1728 2820 deducuntque

271 2832 381 2864 usque
406 2821 448 2854 ad
474 2819 583 2855 locum
606 2818 756 2866 ‘vaylo‘c
778 2821 918 2856 dictum.
965 2827 1002 2856 at
1024 2821 1060 2854 in
1085 2822 1150 2855 hoc
1174 2822 1263 2855 festo
1289 2822 1390 2856 etiam
1415 2822 1457 2855 ad
1480 2822 1642 2866 tempium
1666 2833 1727 2855 co-

271 2867 456 2909 mitantur3
490 2866 549 2901 ubi
581 2871 696 2902 tamen
730 2879 799 2903 non
832 2872 971 2902 manent
1000 2878 1110 2912 usque
1139 2868 1182 2902 ad
1212 2867 1433 2913 imperatoris
1455 2868 1628 2911 reditum,
1663 2867 1726 2901 sed
