1820 3178
1604 3 1627 31 Q

1548 44 1556 58 ο

1563 119 1660 155 Η(

244 178 337 223 174
449 174 728 221 GRETSERI
745 175 819 219 ET
839 172 1016 218 GOARI
1035 172 1476 218 COMMENTARIUS

238 300 324 327 nam
351 290 395 326 ut
417 290 476 326 est
500 287 540 325 in
570 285 759 325 Pandecte
790 284 949 323 Turcico
979 297 1010 326 c.
1045 281 1123 334 54,
1158 282 1322 335 ngaris
1349 280 1518 334 Bulgaris
1551 283 1688 322 Serviis

240 344 334 383 kiral
360 348 425 382 aut
453 344 677 382 contractius
709 341 788 380 kral
819 354 884 380 rex
916 344 974 378 est
1001 344 1042 378 et
1068 340 1191 379 cralna
1221 340 1375 391 regina;
1406 349 1503 386 quae
1535 339 1687 379 Polonis

241 401 317 440 krol
344 405 383 439 et
412 401 543 439 krolua.
598 411 667 438 nec
694 398 846 437 dubium
874 397 1021 436 videtur
1046 395 1138 435 illud
1166 396 1260 435 kiral
1277 395 1462 435 exstitisse
1479 406 1524 434 ex
1543 396 1688 436 Graeco

241 453 294 498 κύ
323 472 383 504 ιος
1169 452 1182 466 ”
1466 456 1493 487 ·’·.

297 473 319 511 Q
354 512 546 557 Proximus
574 514 656 549 erat
682 510 841 561 despota
871 508 917 547 ab
945 510 1191 562 imperatore;
1220 509 1392 558 quocirca
1418 510 1456 550 in
1475 506 1615 558 syllabo
1633 509 1689 546 di-

241 569 426 620 gnitatum
453 568 611 619 primum
637 566 758 604 locum
787 566 942 605 obtinet.
997 565 1154 606 Michael
1185 569 1310 603 tamen
1335 564 1580 615 Palaeologus
1607 565 1690 603 des-

242 629 378 678 potatu
415 625 589 661 maiorem
614 622 815 673 honorem,
851 622 998 660 tametsi
1032 634 1280 673 anonymum,
1310 624 1556 674 excogitavit-3
1591 622 1692 659 cuius

243 682 401 731 vestigia
419 680 702 718 Cantacuzenus
720 679 788 717 sibi
813 680 1004 728 sequenda
1031 679 1157 729 duxit,
1183 679 1238 717 ita
1252 679 1312 721 ⁴de
1336 691 1379 717 se
1412 683 1440 722 4
1462 681 1489 723 5
1510 677 1692 718 scribens:

244 737 472 778 Matthaeum
494 739 656 775 seniorem
674 737 796 787 silium
816 736 917 775 nulla
946 737 1148 774 nominatim
1174 735 1350 785 dignitate
1377 737 1601 784 cohonestat,
1634 734 1694 774 ho-

246 807 326 833 nore
353 798 469 832 tamen
495 806 604 846 supra
631 792 789 844 despotas
816 792 935 843 effert,
961 804 1076 843 nempe
1103 795 1145 829 ut
1167 795 1254 829 esset
1273 794 1475 844 imperatori
1491 793 1704 845 proximus?

246 864 343 902 quem
367 850 523 888 honorem
542 851 676 900 primus
697 848 984 899 Palaeologorum
1015 850 1202 900 impffator
1232 846 1391 888 Michael
1413 853 1553 901 propter·
1573 848 1695 900 filium

248 908 512 946 Constantinum
535 906 870 958 Porphyrogenitum
896 905 1051 951 invenit5
1081 904 1329 957 videbaturque
1357 918 1398 944 ea
1424 906 1586 956 dignitas
1617 905 1694 944 des-

244 967 412 1016 potarum
445 962 619 1013 dignitati
643 961 852 1001 antecellere.
1286 976 1294 990 ·

343 1055 376 1090 p.
394 1046 416 1080 6
437 1055 473 1079 v-
499 1044 554 1080 17.
581 1040 772 1088 δεσπότης]
797 1043 928 1090 imperii
943 1044 1094 1088 collega,
1118 1046 1157 1077 ut
1180 1045 1215 1077 et
1235 1042 1348 1077 senior
1366 1042 1562 1090 imperator,
1585 1040 1697 1076 dictus

251 1091 420 1136 quondam
435 1090 627 1134 Augustum·
653 1090 784 1135 imperii
807 1102 889 1125 vero
916 1090 1112 1134 designatus
1133 1098 1325 1131 successor,
1354 1089 1411 1123 vel
1427 1089 1471 1124 ab
1494 1088 1698 1133 imperatore

251 1137 393 1182 primus,
426 1135 468 1169 ad
491 1135 602 1169 Alexii
625 1136 808 1180 Comneni,
839 1136 897 1180 qui
922 1135 1133 1180 tyrannidem
1156 1135 1248 1169 circa
1262 1134 1390 1169 christi
1405 1145 1525 1170 annum
1542 1135 1630 1171 1117
1644 1133 1699 1167 in·-

251 1182 360 1224 vasit‚
382 1182 637 1226 nuncupabatur
653 1181 787 1216 Caesar.
835 1181 971 1215 Alexius
996 1181 1189 1227 Nicephoro
1204 1180 1385 1214 Melisseno
1401 1191 1520 1215 nornen
1535 1191 1574 1214 ac
1589 1178 1700 1224 ‹ligni-

252 1232 357 1261 tatem
374 1227 532 1261 Caesaris
547 1227 611 1261 iam
629 1227 750 1272 adepto
773 1228 912 1261 fratrem
936 1227 1099 1260 Isaacium
1123 1227 1299 1271 praeferre
1322 1226 1517 1269 meditatus,
1543 1226 1700 1260 sebasto-

254 1272 400 1307 cratoris
424 1283 562 1317 nomen,
586 1284 652 1317 quo
676 1283 779 1317 supra
801 1272 979 1306 Caesarem
996 1272 1164 1317 proximus
1181 1272 1224 1306 ab
1245 1272 1448 1316 imperatore
1463 1273 1701 1306 cohonestare-

253 1323 327 1359 tur,
351 1317 541 1359 adinvenit3
564 1329 604 1351 ac
630 1318 762 1351 tandem
789 1318 924 1352 Alexius
951 1317 1038 1351 alter
1053 1318 1199 1361 Angelus
1219 1317 1359 1362 imperio
1384 1317 1509 1360 potitus
1524 1329 1566 1352 ex
1580 1315 1699 1351 Alexio

252 1363 504 1408 Theodoroque
524 1364 657 1407 generis
682 1364 822 1397 alterum
846 1369 961 1398 creata
983 1363 1150 1398 recentius
1166 1363 1362 1408 despotatus
1377 1363 1565 1407 dignitate,
1595 1362 1700 1397 seba-

253 1409 436 1444 stocratori
468 1409 674 1454 Caesarique
711 1409 935 1454 superiorem,
973 1409 1038 1443 sibi
1058 1409 1256 1450 secundum,
1289 1415 1428 1443 auctore
1448 1409 1604 1443 Phranze
1626 1409 1645 1442 1
1669 1409 1702 1448 1,

253 1455 381 1490 effecit.
439 1454 516 1487 exin
547 1455 680 1488 celebre
712 1454 873 1499 despotae
897 1454 931 1488 in
964 1455 1058 1489 curia
1090 1455 1149 1488 GP
1178 1466 1319 1496 nomen,
1355 1455 1507 1499 urbeque
1529 1465 1551 1488 a
1572 1452 1704 1487 Latinis

255 1502 424 1545 occupata
456 1503 490 1532 et
521 1501 665 1534 nondum
691 1510 712 1534 a
737 1500 880 1534 Graecis
903 1506 1040 1545 recepta
1062 1501 1205 1534 Ioannes
1226 1500 1341 1534 Ducas
1363 1499 1563 1534 Michaelem
1587 1499 1703 1533 Thes-

253 1546 361 1580 salum
393 1545 565 1590 filiumque
596 1545 826 1591 Nicephorum
848 1545 902 1592 τςὸ
923 1546 1126 1592 δεσποτικῷ
1145 1542 1323 1590 ἀξιώματι
1353 1547 1554 1590 ἀεσροισιιιο
1576 1545 1703 1579 honore

252 1592 377 1635 legitur
398 1591 559 1625 extulisse
580 1592 669 1636 apud
703 1592 891 1634 Gregoram
925 1592 947 1625 2
980 1592 1033 1626 13.
1079 1592 1141 1625 sub
1167 1592 1303 1631 ¹Ioanne
1333 1591 1498 1633 Lascari,
1529 1589 1705 1625 memorati

253 1636 386 1672 Ioannis
410 1641 554 1681 nepote,
580 1648 654 1672 cum
676 1637 807 1682 imperii
823 1636 1076 1672 administrandi
1097 1647 1210 1671 curam
1231 1637 1266 1670 in
1287 1649 1325 1672 se
1339 1636 1544 1682 suscepisset
1558 1634 1706 1671 Michael

254 1682 503 1726 Palaeologus,
527 1694 569 1716 ac
593 1684 636 1717 ad
658 1683 765 1729 ipsum
789 1683 921 1726 imperii
943 1683 1079 1722 solium,
1111 1682 1203 1728 quod
1225 1683 1318 1717 solus
1340 1683 1476 1717 herede‘
1489 1682 1584 1727 pulso
1607 1687 1704 1716 tene-

254 1734 329 1768 ret,
369 1728 457 1761 omni
491 1733 568 1762 arte
601 1729 748 1773 totisque
782 1729 907 1762 viribus
931 1729 1168 1771 contenderet,
1195 1725 1312 1773 ὄλίγαι
1334 1729 1534 1773 παρῆλθον
1558 1723 1707 1771 ἡμέραι,

256 1773 378 1809 scribit
396 1775 571 1818 praefatus
595 1774 808 1820 Nicephorus
833 1775 856 1809 3
884 1777 945 1816 10,
983 1773 1047 1809 καὶ
1084 1771 1256 1817 δεύτερον
1286 1775 1523 1819 συγκροτοῦσα.
1556 1773 1706 1820 βουλευ-

255 1817 385 1863 τήριον
411 1816 449 1852 οἷ
472 1816 587 1854 αὐτοῦ
609 1820 851 1864 σπουδασταί,
875 1816 919 1854 οὖ
942 1818 1030 1854 δέον
1056 1816 1153 1855 εἶναι
1177 1817 1379 1863 φάσκοντες
1392 1816 1458 1854 τὸν
1475 1815 1520 1854 τὰ
1532 1813 1706 1898 ιβασιλικοὶ

254 1865 320 1900 καὶ
342 1860 450 1899 κοινοὶ
474 1866 685 1900 διοικοῦντα
707 1863 904 1910 πράγματα
925 1864 990 1900 καὶ
1019 1865 1211 1911 πρεσβείας
1242 1865 1387 1900 πολλῶν
1413 1861 1529 1899 ἄναδε
1555 1860 1707 1908 εγμένον

256 1906 380 1944 ἐθνῶν
403 1907 452 1966 μή
475 1910 538 1944 καὶ
563 1912 628 1955 τῆς
651 1912 833 1958 βασιλείας
856 1908 998 1956 ἔγγιστα
1026 1908 1117 1955 ἔχειν
1139 1910 1202 1945 καὶ
1225 1907 1267 1945 τὸ
1290 1907 1443 1954 ἀξίωμα,
1467 1909 1572 1954 τιμῆς
1598 1907 1705 1945 ἕνεκα

255 1956 325 1991 τοῦ
350 1956 422 1989 τῶν
458 1957 634 2001 Ρωμαίων
647 1954 776 2000 γένους
796 1954 858 1990 καὶ
880 1954 958 2000 ἅμα
987 1953 1212 2002 βεβαιώσεως
1241 1956 1315 1990 τῶν
1344 1951 1477 1999 μεταξὺ
1506 1951 1708 2000 γινομένων

257 1998 527 2035 καταστάσεων.
574 1999 673 2036 ταῦτ’
705 1998 780 2045 ἄρα
812 2001 875 2035 καὶ
904 1998 947 2035 τὸ
977 2002 1045 2034 τοῦ
1075 1999 1254 2036 δεσπότου
1275 1998 1417 2044 ἀξίωμα
1439 1996 1583 2044 δέχεται
1604 1996 1708 2043 παρά

258 2058 298 2081 τε
320 2047 388 2080 τοῦ
409 2045 639 2091 πατριάρχου
662 2045 724 2080 καὶ
747 2047 813 2080 τοῦ
834 2043 919 2079 υἱοῦ
942 2047 1008 2080 τοῦ
1033 2044 1223 2091 βασιλέως,
1253 2046 1387 2080 Ioannis
1406 2046 1569 2089 fnimirum
1591 2046 1708 2081 Theo-

260 2092 344 2126 doro
369 2091 449 2127 nati.
497 2103 538 2126 eo
566 2098 675 2126 tamen
697 2092 796 2125 titulo
820 2092 885 2125 iam
909 2092 1057 2126 Michael
1083 2092 1170 2126 alius
1193 2092 1368 2126 Theodori
1392 2103 1497 2136 gener
1526 2092 1708 2137 gaudebat.

261 2148 328 2182 quo
352 2141 503 2178 constet,
529 2143 567 2171 ut
589 2138 623 2171 in
646 2137 853 2171 inveniendis
880 2138 1041 2180 subtiles,
1069 2138 1117 2171 ita
1142 2143 1178 2171 et
1200 2137 1234 2172 in
1256 2138 1461 2182 geminandis
1486 2137 1708 2182 dignitatibus

261 2184 417 2217 Graecos
449 2182 554 2217 fuisse
591 2182 762 2217 liberales.
809 2183 925 2216 lubens
961 2187 1070 2217 tamen
1102 2184 1211 2217 fateor
1243 2183 1442 2218 Michaelem
1469 2184 1556 2218 hunc
1578 2194 1644 2218 non
1666 2192 1707 2216 eo

265 2229 398 2262 nomine
420 2227 594 2273 despotam
618 2233 793 2269 vocatum,
816 2232 854 2262 ut
874 2228 1046 2274 imperium
1071 2229 1169 2263 lieres
1191 2229 1446 2273 adipisceretur,
1466 2229 1528 2264 sed
1550 2235 1589 2263 ut
1604 2231 1709 2264 Aeto-

262 2275 331 2313 liae
353 2278 387 2308 et
409 2274 508 2319 Epiri
529 2276 686 2320 princeps
711 2273 864 2316 audiret,
891 2285 957 2319 quo
982 2275 1115 2319 quidam
1139 2275 1194 2309 alii
1219 2275 1299 2309 dicti
1323 2281 1401 2309 sunt
1419 2275 1563 2310 Serviae
1580 2275 1710 2320 despo-

265 2325 345 2363 tae,
379 2320 442 2353 hoc
466 2325 519 2354 est
541 2319 671 2365 reguli:
706 2330 772 2364 quo
796 2320 896 2353 etiam
923 2332 1024 2355 sensu
1049 2321 1229 2365 chaganus
1253 2322 1443 2356 Turcarum
1466 2321 1534 2355 dux
1553 2317 1574 2355 ὁ
1597 2317 1710 2365 μέγας

265 2363 448 2408 δεσπότης
470 2360 562 2400 ἑπτὰ
586 2365 699 2410 γενῶν
722 2370 757 2398 et
780 2362 904 2407 κύριος
925 2363 1110 2408 κλιμάτων
1130 2367 1194 2411 τῆς
1218 2365 1436 2412 οἰκουμένης
1460 2362 1551 2401 ἑπτά
1587 2365 1710 2410 legitur

265 2410 356 2455 apud
380 2410 671 2457 Theophylactum
695 2410 911 2445 Simocattam
931 2411 954 2445 l.
981 2414 1003 2447 7
1024 2411 1066 2445 de
1097 2413 1198 2446 rebus
1231 2413 1411 2456 Mauricii3
1449 2424 1512 2447 uec
1536 2423 1603 2447 uon
1622 2412 1713 2446 Boe-

265 2457 344 2491 silas
368 2457 441 2492 τῶν
463 2458 603 2492 Mvoosv
626 2453 804 2501 δεσπότης
827 2457 918 2502 apud
939 2457 1211 2493 Cantacuzeuum
1237 2461 1255 2494 1
1280 2458 1336 2494 55.

377 2546 414 2583 p.
436 2537 462 2576 7
481 2546 514 2571 v.
537 2534 572 2574 1.
628 2533 804 2583 Sequitur
831 2529 1172 2586 σεβαστοκράτωρ,
1203 2547 1338 2572 novum
1351 2535 1540 2573 inventum
1557 2538 1596 2571 et
1614 2544 1713 2571 com-

266 2595 431 2628 mentum
455 2589 574 2627 Alexii
602 2589 803 2638 Comneni,
840 2589 888 2626 de
907 2601 981 2638 quo
1001 2588 1074 2627 filia
1096 2591 1173 2628 eius
1202 2591 1313 2629 Anna
1340 2590 1504 2629 Alexiad.
1528 2592 1574 2631 3:
1620 2587 1713 2629 νέον

267 2641 610 2697 ὄνοματοποιήσας
637 2641 715 2686 οἷπό
741 2661 780 2686 τε
801 2648 874 2685 τοῦ
902 2647 1093 2696 σεβαστοῦ
1119 2646 1186 2687 καὶ
1217 2643 1505 2698 αὐτοκράτορος
1530 2642 1713 2698 τάδελφῷ

268 2701 401 2752 ἔθηκε.
459 2703 587 2740 eadem
612 2703 777 2740 Zonaras
796 2702 833 2738 in
852 2701 979 2739 Alexio
999 2703 1201 2741 Comneno.
1242 2708 1282 2741 at
1311 2700 1538 2741 Glossarium
1561 2704 1714 2739 conten-

268 2758 323 2795 dit
344 2771 476 2796 nomen
506 2759 577 2796 hoc
602 2758 713 2809 longe
731 2759 843 2796 fuisse
857 2759 1043 2807 antiquius
1063 2759 1191 2798 Alexio
1211 2760 1426 2810 Comneno,
1456 2759 1592 2809 quippe
1610 2757 1712 2807 prin-

270 2814 410 2866 cipibus
434 2815 650 2854 Thessaliae
679 2829 702 2854 a
728 2815 976 2854 Constantino
999 2815 1138 2866 Magno
1156 2829 1378 2854 concessum.
1433 2816 1559 2864 itaque
1578 2825 1711 2851 novum
