1832 3178
420 181 497 223 DE
531 178 766 225 oFFlcns
799 179 878 225 GP.
907 179 1021 225 GAP.
1052 179 1160 223 XX.
1437 181 1532 226 105

91 293 280 352 τριόρχης
298 299 580 349 χειροτονεῖται
601 291 738 347 μόνον,
767 293 849 336 ἐπεὶ
864 292 888 349 ἥ
906 297 980 337 τοῦ
997 292 1195 349 βασιλέως
1212 290 1435 352 πρόβλησιξ
1452 294 1540 337 ἀντὶ

91 368 162 418 τῆς
179 366 326 418 μικρᾶς
348 362 538 418 λογίζεται
562 364 798 417 σφραγῖδος.

220 428 393 484 Ὁμοίως
413 430 480 471 καὶ
510 427 830 484 ἀπαραλλάκτως
851 430 996 485 γίνεται
1024 429 1090 470 καὶ
1112 425 1144 483 ἦ
1175 433 1255 473 τῶν
1285 426 1429 485 ἑτέρων
1459 447 1540 471 πα-
1564 434 1594 468 C

93 503 294 555 τριαρχῶν
310 497 551 553 πρόβλησις,
592 502 664 540 τοῦ
698 515 738 540 τε
766 497 1087 552 Ἀλεξανδρείας,
1119 502 1192 541 τοῦ
1213 498 1452 551 Ἀντιοχείας
1476 500 1543 540 καὶ

62 563 479 620 ὄτοῦἸεροσολύμων,
514 565 617 608 ἀλλὰ
645 565 694 619 δὴ
725 568 791 608 καὶ
821 570 893 608 τοῦ
922 565 1236 620 ἀρχιεπισκόπου
1257 564 1419 622 πρώτης
1438 567 1543 609 Ἴου-

93 638 294 689 στινιανῆς
316 635 500 690 Ἀχρίδος
523 636 590 676 καὶ
611 631 743 688 πάσης
762 635 1038 688 Βουλγαρίας,
1079 633 1162 677 ἐπεὶ
1182 634 1347 692 δευτέρα
1370 635 1538 678 Ἰουστι-

93 701 207 756 νιανή
225 703 332 744 ἐστιν
353 701 380 757 ἡ
399 700 586 758 Κύπρος,
613 704 679 743 καὶ
697 704 808 759 τρίτη
826 700 852 755 ἡ
875 700 1118 756 Καρχηὸών.

231 770 284 813 Οἱ
302 771 435 825 μέντοι
458 787 500 826 γε
519 770 714 826 ἀρχιερεῖς
729 770 832 824 μετὰ
852 770 925 819 τὰς
946 767 1115 826 ψήφους
1134 769 1267 813 αὐτῶν
1282 767 1540 824 χειροτονού-

94 856 207 892 μενοι
230 838 342 894 παρὰ
369 843 441 881 τοῦ
466 837 740 894 πατριάρχου,
773 838 876 892 μεθ’
900 835 1185 893 ἦμέραςτινὰς
1205 842 1278 892 τῆς
1294 839 1543 894 χειροτονίας

42 916 87 952 10
96 906 242 958 αὐτῶν,
275 910 400 949 ποιῶν
425 906 544 960 εὐχὴν
574 907 738 956 ἕκαστος
754 905 855 962 ὑπὲρ
880 911 961 949 τῶν
981 904 1235 962 κρατούντων
1257 907 1324 947 καὶ
1345 910 1417 947 τοῦ
1437 904 1542 961 ὖπη-
1577 917 1581 922 “

39 1001 42 1004 -
93 973 206 1027 κόου,
239 975 450 1030 ἀπέρχεται
466 979 700 1031 προσκυνῶν
717 975 785 1018 τὸν
799 974 991 1029 βασιλέα,
1026 976 1092 1016 καὶ
1114 971 1372 1031 ἀναγινώσκει
1391 973 1541 1029 ταύτην

85 1041 167 1099 ’τῆς
183 1042 472 1099 παραστάσεως
499 1043 722 1098 ἱσταμένης.

231 1110 284 1158 Οἱ
306 1112 353 1154 δέ
368 1128 411 1167 γε
433 1111 743 1168 ἀρχιμανὸρῖται
760 1112 829 1153 καὶ
850 1108 1214 1166 πρωτοσῦγκελλοι,
1259 1109 1361 1151 ἀλλὰ
1390 1110 1440 1164 δὴ
1471 1111 1536 1151 καὶ
1559 1117 1592 1152 D

94 1177 391 1235 καθηγούμενοι
408 1183 488 1222 τῶν
511 1181 678 1233 ἐντίμων
697 1180 988 1235 μοναστηρίων,
1026 1178 1129 1232 μετὰ
1155 1178 1201 1220 τὸ
1230 1178 1304 1231 τὴν
1334 1180 1542 1234 σφραγῖδα

44 1255 86 1291 15
97 1247 209 1303 παρὰ
224 1252 298 1291 τοῧ
313 1245 561 1304 πατριάρχου
587 1251 725 1302 λαβεῖν
747 1248 987 1303 ἀπέρχονται
1007 1248 1075 1288 καὶ
1093 1249 1362 1302 προσκυνοῦσι
1384 1249 1450 1288 καὶ
1473 1241 1545 1288 οὗ-

43 1350 46 1353 .
94 1331 179 1367 τοι,
213 1318 279 1357 καὶ
307 1314 560 1370 λαμβάνουσι
588 1316 634 1359 τὸ
657 1317 871 1358 δικανίκιον
892 1314 971 1357 ἀπὸ
989 1319 1061 1369 τῆς
1082 1318 1154 1356 τοῦ
1173 1314 1372 1368 βασιλέως
1385 1314 1545 1371 χειρός·

94 1383 164 1425 καὶ
189 1383 230 1426 οἶ
256 1384 330 1438 μὲν
357 1384 552 1439 ἀρχιερεῖς
581 1386 636 1434 εἷς
657 1384 925 1441 προσκύνησιν
953 1387 1027 1426 τοῦ
1047 1383 1265 1435 βασιλέως,
1297 1379 1353 1431 ὡς
1379 1383 1547 1437 εἴρηται,

48 1459 50 1461 ’
96 1449 302 1507 ἐρχόμενοι
327 1452 434 1505 ’μετὰ
464 1457 544 1494 τῶν
570 1452 739 1508 ἐχόντων
758 1450 950 1506 μανδύων
979 1451 1112 1493 αὐτῶν
1137 1449 1345 1503 ποταμοὺς
1369 1468 1548 1506 προσκυ-

96 1523 233 1562 νοῦσιν
263 1518 397 1570 αὐτόν,
434 1519 473 1561 οἳ
499 1520 547 1561 δέ
564 1538 607 1575 γε
628 1526 700 1575 τῆς
719 1521 930 1574 ἐκκλησίας
948 1518 1141 1575 ἄρχοντες
1158 1518 1261 1572 μετὰ
1285 1521 1367 1560 τῶν
1396 1521 1550 1576 ἐπιρρι-

45 1594 91 1628 20
100 1589 279 1644 πταρίων
300 1590 366 1629 καὶ
390 1587 569 1641 ἱματίων.

191 1717 236 1751 10
254 1715 325 1750 τοῦ
348 1726 402 1750 om
425 1716 454 1750 P

100 1828 177 1862 nari
206 1829 242 1863 et
270 1826 487 1871 consecrari,
519 1827 795 1872 quandoquidem
825 1824 1046 1872 imperatoris
1078 1826 1290 1862 renuntiatio
1320 1839 1452 1874 parvae
1487 1843 1552 1877 per

99 1885 236 1908 crucem
259 1873 465 1919 signationis
492 1872 598 1907 vicem
621 1873 774 1919 supplet.

189 1941 243 1976 Ad
272 1942 415 1976 eundem
445 1941 580 1975 modum
611 1941 688 1975 sine
719 1940 788 1975 ulla
810 1940 1006 1974 variatione
1028 1939 1209 1984 peragitur
1232 1941 1374 1977 aliorum
1399 1945 1550 1987 patriar-

99 1986 236 2020 charum
269 1987 490 2033 proclamatio
521 1993 559 2021 et
586 1987 798 2031 designatio,
831 1986 990 2020 nimirum
1021 1986 1250 2020 Alexandriae
1275 1988 1481 2024 Antiochiae
1514 1998 1551 2026 et

99 2032 439 2076 Hierosolymorum3
478 2031 561 2076 quin
592 2038 627 2066 et
656 2031 910 2076 archiepiscopi
938 2031 1070 2076 primae
1091 2031 1306 2067 Iustinianae
1328 2034 1489 2070 Achridis
1515 2043 1551 2072 et

99 2078 207 2112 votius
228 2078 432 2122 Bulgariaez
458 2089 535 2112 nam
557 2079 708 2112 secunda
728 2077 919 2112 Iustiniana
940 2083 994 2111 est
1013 2078 1165 2122 Cyprus,
1187 2079 1295 2112 tertia
1314 2080 1503 2125 Carthago.

191 2145 360 2190 Episcopi
385 2150 566 2191 postquam
590 2145 691 2180 electi
716 2150 752 2180 et
772 2156 793 2179 a
815 2144 1014 2189 patriarcha
1037 2145 1231 2179 consecrati
1254 2151 1346 2191 sunt,
1370 2150 1554 2184 conferunt

101 2201 141 2224 se
163 2196 244 2235 post
266 2191 398 2235 aliquot
420 2190 494 2224 dies
518 2191 561 2224 ad
585 2192 766 2236 palatium,
803 2197 885 2224 vota
908 2190 959 2224 ibi
981 2202 1173 2235 precesque
1196 2203 1259 2236 pro
1286 2192 1553 2237 imperatoribus

102 2239 138 2269 et
168 2236 322 2270 subiecto
354 2235 479 2282 populo
511 2237 637 2270 facturi
669 2243 705 2271 et
732 2238 975 2281 imperatorem
1011 2237 1226 2271 veneraturi.
1279 2239 1404 2274 recitat
1437 2241 1553 2284 quivis

102 2291 232 2314 sacram
255 2281 503 2326 precationem,
526 2282 767 2316 circumstante
791 2282 954 2316 comitatu
979 2281 1106 2316 aulico.

192 2348 238 2382 At
263 2348 551 2382 archimandritae
584 2354 620 2383 et
642 2348 909 2395 protosyncelli,
943 2349 1005 2382 sed
1037 2352 1073 2383 et
1106 2349 1277 2394 praefecti
1307 2350 1554 2386 venerabilium

102 2393 407 2435 monasteriorum,
438 2400 617 2438 postquam
650 2407 671 2429 a
702 2394 903 2440 patriarcha
935 2393 1038 2428 electi
1069 2400 1170 2438 sunt,
1206 2397 1334 2428 abeunt
1358 2401 1394 2429 et
1421 2397 1491 2440 ipsi
1512 2398 1556 2431 ad

103 2439 269 2483 palatium
299 2445 577 2483 veneranturque
608 2440 871 2485 imperatorem,
912 2444 948 2473 et
979 2440 1023 2474 ab
1055 2439 1274 2485 imperatoris
1304 2451 1404 2473 manu
1432 2442 1557 2486 pedum

104 2483 278 2528 pastorale
301 2483 487 2527 accipiunt.
535 2485 690 2530 episcopi
720 2486 857 2529 quidem
887 2486 932 2519 ad
954 2485 1118 2519 honorem
1141 2485 1339 2529 imperatori
1363 2486 1557 2522 habendum

104 2529 276 2573 profecti,
308 2534 346 2562 ut
372 2529 500 2562 dictum
531 2535 604 2574 est,
639 2536 850 2564 venerantur
878 2530 971 2564 illum
1001 2530 1115 2575 palliis
1139 2531 1211 2563 suis
1235 2530 1408 2565 undulatis
1430 2532 1558 2568 induti.

105 2573 276 2627 ecclesiae
299 2586 381 2609 vero
406 2585 568 2620 proceres
590 2576 847 2622 epirrhiptariis
869 2587 931 2612 seu
953 2575 1106 2622 capitum
1129 2575 1337 2619 tegminibus
1363 2578 1559 2624 tunicisque

107 2626 232 2655 ornati.
