1820 3178
257 167 353 214 152
467 168 742 214 GRETSERI
762 169 834 214 ET
858 169 1034 214 GOARI
1049 169 1490 217 COMMENTARIUS

255 290 411 328 conum,
435 278 498 329 qui
517 283 682 331 tempore
699 279 835 318 Codini
852 279 973 318 nullus
997 280 1146 330 quidem
1163 284 1262 332 erat,
1279 285 1320 320 at
1338 281 1537 332 aliquando
1562 283 1702 334 fuerat;

259 335 360 373 unde
392 338 432 372 et
460 338 516 390 τῷ
538 332 806 388 δευτερεύοντι
835 338 919 377 ταῖν
952 332 1151 378 διακόνων
1187 350 1322 376 nomen
1351 339 1508 390 mansit,
1544 340 1638 379 sieut
1662 345 1702 379 et

259 393 316 445 τῷ
342 387 610 444 ὃευτερεύοντι
633 394 714 432 τῶν
740 391 879 443 ἱερέων
909 393 1007 431 idem
1024 406 1158 432 nomen
1179 395 1395 446 mansisset,
1419 395 1452 432 si
1472 400 1703 448 protopapas

258 447 298 484 in
313 447 410 486 clero
426 461 584 500 magnae
602 448 773 487 ecclesiae
785 449 962 502 desisset,
981 451 1069 501 quia
1082 463 1165 489 cum
1180 451 1382 491 secundarii
1402 452 1550 492 nomine
1564 454 1703 507 primus

255 503 399 542 fuisset.

350 591 383 626 p.
404 580 427 615 6
442 593 476 615 v.
492 581 526 616 4.
553 580 642 622 Quid
660 581 723 615 hoc
737 580 787 616 rei
802 583 866 622 est,
884 583 923 615 ut
939 580 994 616 hic
1008 580 1222 616 diaconorum
1237 581 1405 616 secundus
1419 583 1586 619 scribatur
1597 595 1639 620 ac
1651 585 1705 620 in-

258 623 355 659 simul
371 626 514 669 πρῶτος
529 627 603 661 τῶν
617 627 751 661 κοινῶν
767 624 950 662 διακόνων
966 627 1164 662 asseratur?
1194 627 1308 672 paucis
1323 628 1377 662 hic
1395 629 1492 673 plura
1507 630 1707 674 evolvenda,

259 682 326 715 quo
347 671 523 717 proposita
543 672 726 707 difficultas
747 672 853 706 lucem
873 673 1027 719 accipiat.
1072 673 1279 718 temporibus
1294 673 1417 708 ultimis
1432 675 1563 710 diaconi
1577 680 1707 712 tantum

258 716 303 749 ad
319 713 532 761 ἀρχοντίκια
547 715 725 761 ὀφφίκια,
746 719 915 753 nobiliora
929 719 1069 763 officia,
1097 722 1174 752 sunt
1199 718 1350 761 admissi,
1378 720 1436 765 qui
1462 721 1630 766 prioribus
1651 733 1709 757 sa-

260 762 417 796 cerdotes
434 763 619 807 permixtim
641 768 677 798 et
697 763 826 798 diaconi
851 775 926 798 esse
947 766 1122 810 poterant,
1145 775 1347 798 oeconomus
1368 765 1563 802 sacellarius
1587 778 1710 802 sceuo-

285 807 386 851 hylax
410 812 446 841 et
463 808 583 852 reliqui
599 809 786 854 quindecim
801 809 910 844 tribus
949 809 1039 844 rimis
1053 808 1240 844 officiorum
1256 810 1455 855 pentadibus
1470 812 1711 858 comprehensi.

259 818 297 886 Ei
311 853 376 896 τῆς
388 847 579 897 ἐκκλησίας
600 853 664 889 καὶ.
685 866 922 899 πατριαρχικο
961 852 1157 900 ἄρχοντες,
1191 854 1402 890 δεσποτικοὶ
1423 853 1616 903 ἄρχοντες,
1642 854 1710 901 ἆρ-

284 898 426 932 οντίκια
454 895 634 944 ὀφφίκια,
666 897 879 944 ἆρχοντίκια
906 897 1063 946 μεγάλα,
1093 896 1291 935 διακονικὰ
1314 897 1520 946 ἀξιώματα,
1555 908 1591 938 et
1614 900 1710 949 (κατ’

259 908 407 988 Ξξοχὴν)
429 943 633 988 κληρικάτα
656 951 897 990 nuncupantur.
942 945 1040 980 iidem
1065 957 1173 987 vero,
1203 949 1241 980 ut
1264 947 1428 982 ecclesiae
1448 949 1608 984 altarisve
1629 961 1710 995 pro-

260 1000 376 1031 ceres,
400 989 614 1035 patriarchae
629 991 776 1026 assident
789 991 824 1026 in
848 991 979 1026 iudiciis
1004 992 1178 1036 eidemque
1201 991 1384 1026 celebranti
1405 993 1583 1037 assistunt,
1605 999 1643 1030 at
1658 996 1711 1030 la-

260 1035 415 1069 boriosas
439 1035 515 1070 illas
544 1047 665 1082 operas
691 1048 755 1070 non
787 1041 959 1082 praestant
984 1048 1069 1082 quas
1095 1035 1329 1071 archidiacono
1355 1039 1492 1074 voluere
1521 1045 1710 1075 reservatus

261 1091 325 1114 ceu
341 1091 484 1125 operoso
501 1082 617 1117 altaris
632 1082 795 1118 ministro.
842 1094 908 1127 qua
919 1082 961 1116 de
974 1094 1077 1118 causa
1098 1086 1188 1117 totus
1213 1082 1403 1118 ministeriis
1428 1084 1577 1120 intentus
1599 1086 1711 1120 archi-

261 1126 424 1160 diaconus
439 1123 616 1170 ὀφφίκιόν
638 1126 710 1162 ἐστι
733 1125 867 1172 μόνον,
898 1132 935 1162 ut
962 1127 1192 1173 praemisimus
1214 1134 1298 1163 nota
1321 1129 1419 1164 huius
1443 1131 1562 1176 capitis
1586 1134 1624 1174 13
1648 1143 1711 1166 nec

262 1175 315 1205 est
329 1168 582 1216 ἄρχοντίκιον,
607 1185 669 1207 nec
693 1174 782 1208 inter
808 1184 967 1218 proceres
989 1174 1145 1208 diaconos
1169 1178 1373 1209 numeratur.
1423 1176 1637 1211 diaconorum
1657 1181 1712 1211 ta-

261 1227 357 1259 men,
383 1221 549 1261 quateuus
564 1219 777 1253 ministerium
793 1219 927 1263 aliquod
942 1219 1098 1264 implent,
1124 1223 1228 1264 caput
1245 1223 1299 1254 est
1313 1225 1348 1254 et
1369 1221 1524 1268 princeps
1535 1249 1547 1265 ‚
1570 1223 1713 1257 eisdem-

262 1273 329 1306 que
352 1264 562 1307 quantumvis
586 1266 782 1308 proceribus
805 1265 840 1298 in
858 1264 1039 1299 diaconicis
1054 1265 1243 1299 ministeriis
1264 1266 1471 1310 praeficitur.
1514 1268 1611 1302 huius
1634 1280 1713 1302 sen-

260 1307 389 1341 tentiae
413 1313 530 1342 auctor
544 1309 622 1343 mihi
645 1314 699 1344 est
727 1311 869 1344 Ioannes
892 1310 979 1344 citri
1001 1310 1179 1356 episcopus
1204 1311 1290 1344 Iuris
1314 1312 1383 1346 GR
1407 1313 1429 1346 l.
1453 1313 1488 1348 5.
1534 1318 1713 1359 postquam

263 1353 349 1386 enim
374 1354 515 1398 quaesiit
538 1352 579 1389 τὸ
600 1352 899 1399 ἀρχιδιακονικόν
923 1352 1100 1399 ὀφφίκιον
1121 1355 1232 1396 ποίας
1254 1351 1330 1390 ἐστὶ
1353 1355 1490 1400 τάξεως
1518 1357 1582 1393 καὶ
1601 1359 1713 1394 ποίου

256 1397 438 1443 βαθμοῦ,
461 1397 524 1433 καὶ
549 1397 586 1434 εἰ
605 1400 826 1443 προΐσταται
850 1401 923 1435 τῶν
942 1398 1039 1436 ὅλων
1062 1398 1246 1436 διακόνων
1267 1399 1315 1442 ὡς
1337 1399 1618 1448 ἀρχιδιοὶκονος,
1648 1402 1714 1440 καὶ

262 1439 385 1478 αὐτῶν
399 1443 472 1478 τῶν
488 1442 788 1489 ἐκκλησιαστικῶν
804 1443 991 1491 ἀρχόντων
1004 1471 1015 1490 ,
1037 1445 1100 1480 καὶ
1125 1444 1161 1480 εἰ
1180 1447 1405 1492 προτιμᾶται
1427 1446 1577 1484 πάντων
1601 1447 1642 1485 ἐν
1665 1449 1715 1495 τῇ

261 1486 464 1534 μεταλήψει
485 1491 557 1524 τῶν
583 1491 698 1525 θείων
723 1491 947 1536 μυστηρίων,
971 1491 1152 1538 respondet
1176 1493 1323 1528 Citrius:
1347 1490 1390 1528 τὸ
1413 1491 1713 1539 ἆρχιὸιακονικὸν

261 1531 442 1578 ὀφφίκιον
465 1533 532 1570 οὐκ
549 1532 644 1571 ἔστιν
659 1533 912 1582 ἄρχοντίκιον,
938 1533 1026 1572 οὐδὲ
1049 1533 1089 1571 ἐκ
1112 1537 1317 1582 φιλοτιμίας
1339 1535 1613 1595 ἀρχιερατικῆς,
1642 1537 1711 1577 ὤσ-

260 1590 330 1622 περ
353 1576 399 1614 τοὶ
424 1576 659 1625 ἄρχοντίκια,
692 1583 897 1626 περιφορᾶς
919 1579 961 1616 δὲ
983 1582 1128 1616 πολλῶν
1150 1580 1263 1627 ἡλίων
1284 1594 1522 1629 συμπερασμα
1553 1587 1638 1631 (hoc
1661 1589 1714 1621 est

264 1624 518 1661 ministeriorum
537 1638 556 1660 a
572 1627 723 1662 diaconis
738 1628 988 1671 magistratibus
1010 1628 1236 1663 obeundorum
1258 1631 1519 1674 compendium).
1565 1629 1624 1666 διὸ
1649 1630 1716 1666 καὶ

266 1667 318 1710 ὡς
343 1670 478 1714 χρόνου
508 1671 573 1707 καὶ
603 1671 701 1707 ἰδίου
735 1671 856 1708 κόπου
881 1670 1118 1718 συμπέρασμα
1142 1670 1162 1709 ὁ
1187 1671 1444 1719 α’ρχιδιοὶκονος
1466 1673 1539 1721 ἔχει
1560 1675 1624 1711 καὶ
1644 1674 1714 1722 τὴν

263 1712 452 1761 ὑπεροχὴν
469 1713 528 1752 ἐπὶ
551 1715 703 1753 πάντων
721 1719 794 1753 τῶν
817 1717 1021 1762 διακόνων,
1055 1719 1127 1753 εἴτε
1151 1715 1394 1765 ἄρχοντικίοις
1415 1719 1632 1757 ὁποιοισοῦν
1653 1734 1711 1758 τε-

264 1760 435 1805 τίμηνται
458 1763 530 1797 εἴτε
548 1762 612 1797 καὶ
635 1762 707 1808 μή,
730 1759 772 1798 ἒν
793 1765 846 1811 τῷ
870 1765 953 1811 ναῷ
972 1762 1036 1798 καὶ
1059 1761 1098 1798 ἐν
1123 1765 1178 1810 τῷ
1206 1764 1339 1811 βήματι
1370 1765 1434 1802 καὶ
1466 1765 1506 1803 ἐν
1534 1769 1580 1814 τῇ
1605 1779 1715 1813 μετοι-

265 1805 375 1850 λήψει
398 1808 471 1842 τῶν
491 1805 606 1853 ἁγίων
628 1809 843 1854 μυστηρίων.
892 1821 958 1844 uno
978 1810 1083 1843 verbo
1103 1811 1358 1855 supergreditur
1383 1812 1541 1847 diaconos
1555 1824 1716 1860 proceres

266 1863 308 1885 ex
330 1852 534 1895 ministerio,
563 1866 629 1888 non
651 1854 836 1898 dignitate,
867 1855 1031 1909 aliamque
1056 1855 1195 1889 classem
1230 1857 1318 1891 solus
1349 1858 1535 1903 componit3
1571 1870 1714 1906 eumque

260 1897 417 1940 sequitur
434 1899 525 1933 vices
542 1899 613 1933 eius
629 1911 753 1943 gerens
776 1896 795 1934 ὃ
821 1900 1045 1942 δευτερευων
1066 1901 1139 1934 τῶν
1162 1899 1367 1947 διακόνων,
1399 1903 1456 1948 qui
1479 1903 1602 1938 tertiae
1625 1904 1713 1939 clas-

263 1941 309 1974 sis
326 1944 541 1977 communium
557 1945 768 1979 diaconorum
784 1946 908 1991 primus
924 1946 992 1978 dux
1009 1949 1044 1978 et
1059 1950 1161 1989 caput
1174 1952 1351 1990 censetur-3
1382 1952 1418 1982 et
1444 1947 1489 1982 ob
1511 1949 1632 1984 allatas
1655 1961 1714 1984 ra-

266 1986 376 2020 tiones
399 1985 541 2031 λέγεται
560 1988 802 2032 δευτερεύων,
835 1991 882 2024 ait
903 1990 1029 2023 Citrius
1054 1990 1139 2024 idem
1163 1992 1338 2036 superiore
1360 2004 1540 2039 response,
1566 1992 1632 2039 οὐχ
1655 1991 1716 2030 ὅτι

265 2030 469 2074 δευτερεύει
496 2030 536 2067 ἑν
557 2035 603 2079 τῇ
628 2032 728 2076 τάξει
751 2036 823 2069 τῶν
846 2032 1043 2068 διακόνων.
1091 2035 1196 2069 instas
1229 2037 1456 2078 nihilominus.
1493 2043 1527 2073 et
1550 2040 1715 2074 sollicitus

265 2077 429 2110 rationem
445 2079 577 2122 quaeris
593 2091 653 2113 cur
669 2091 711 2114 ex
727 2080 849 2114 officiis
865 2079 1087 2114 archidiaconi
1103 2092 1222 2115 nomen
1249 2083 1294 2117 sit
1325 2085 1555 2128 expunctum?
1600 2087 1715 2131 aptius

264 2121 314 2203 {igi
328 2122 471 2204 redgent
489 2125 546 2169 qui
568 2124 723 2171 palatinis
745 2125 1015 2162 archidiaconum
1041 2133 1293 2164 acceusuerunt.
1339 2129 1419 2164 vide
1444 2134 1631 2177 postremas
1651 2143 1716 2167 no-

302 2178 319 2203 s
335 2179 365 2204 o.
405 2192 415 2205 .

697 2484 1129 2536 CAPUT
1207 2488 1289 2538 XI.

382 2649 418 2685 p.
440 2639 466 2678 6
490 2650 522 2675 v.
544 2640 580 2680 6.
638 2608 694 2677 In
721 2637 877 2688 septima
894 2639 1054 2688 pentade
1075 2640 1210 2690 primas
1239 2644 1342 2679 tenet
1362 2640 1612 2692 protopsalta,
1637 2640 1713 2689 pri-

267 2703 342 2728 mus
366 2693 500 2742 psaltes
521 2707 587 2730 seu
610 2699 745 2733 cantor.
773 2694 911 2731 Citrius
936 2700 1045 2732 vocat
1070 2696 1290 2735 domesticum
1308 2698 1529 2748 psaltarum,
1557 2695 1712 2733 indicat-

269 2759 342 2794 que
363 2747 431 2784 hoe
454 2762 588 2786 nomen
611 2751 779 2789 usitatius
808 2751 919 2788 fuisse
947 2763 1056 2798 quam
1077 2752 1166 2789 illud
1200 2753 1443 2804 protopsaltae.
1499 2751 1630 2789 mirum
1653 2753 1712 2788 est

269 2805 454 2851 quomodo
490 2805 656 2845 Codinus
692 2807 730 2845 in
759 2807 828 2846 hae
862 2807 1020 2859 septima
1051 2809 1212 2859 peutade
1247 2809 1398 2848 collocet
1432 2807 1712 2860 protopsaltem,
