1864 3164
281 210 380 256 310
490 205 854 253 GRETSERIET
877 199 1055 258 ‚GOARI
1074 195 1512 244 COMMENTARIUS

281 328 362 351 nere
386 314 567 350 vocandos.
589 313 738 348 detineor
760 314 872 346 tamen
893 308 1078 354 Regiorum
1108 306 1254 342 lectione
1282 315 1400 340 vocem
1427 302 1558 338 unicam
1589 301 1624 336 in
1645 300 1729 335 duas

281 362 474 406 dividente,
497 361 721 403 diaconosque
752 359 952 392 memoratos
981 352 1023 396 ἓξ
1051 351 1311 396 κατακοίλους,
1332 362 1389 385 aex
1410 350 1599 394 depressos,
1623 347 1729 393 patri-

284 409 405 443 archae
428 407 578 442 nimirum
601 414 811 443 assessoreS,
834 413 947 436 verum
980 399 1148 444 dignitate
1168 398 1242 432 iure
1262 398 1533 441 loco‘potestate
1553 393 1731 428 inferiores

286 453 430 488 omniuo,
463 452 623 486 arriserat
651 449 744 495 prius
775 459 816 482 ea
851 447 946 482 vocis
976 444 1166 491 expositio,
1197 454 1286 488 quae
1318 441 1445 486 regiam
1467 441 1583 479 urbem
1606 439 1664 473 ΟΡ
1689 438 1732 472 ad

283 499 414 533 veteris
436 498 563 532 Romae
585 496 691 529 instar
713 494 747 528 in
770 492 935 528 montibus
958 495 994 526 et
1015 491 1159 525 vallibus
1180 488 1284 523 variis
1307 487 1402 522 sitam
1415 512 1426 527 ‚
1448 486 1607 531 quasdam
1630 484 1732 519 etiam

287 544 447 579 ecclesias
469 548 538 576 tum
561 540 691 575 inistis
716 545 785 574 tum
815 540 849 574 in
882 537 948 572 illis
978 536 1216 571 exaedificatas
1249 532 1494 577 contemplata,
1527 531 1734 565 humiliorum

284 590 434 624 locorum
459 587 606 622 oratoria
636 586 742 620 minus
775 597 795 619 e
825 585 915 618 clero
948 582 1059 628 dignis
1099 580 1286 624 assignaret
1314 577 1503 622 regendas,
1534 575 1734 622 praecipuas

286 647 387 675 vero,
411 646 498 679 quae
520 633 554 666 in
576 631 744 666 montibus
765 631 978 664 fundamenta
1005 626 1116 673 posita
1147 623 1439 664 nanciscerentur,
1471 622 1521 656 his
1542 617 1736 665 {gosnam-

286 681 423 719 κοίλοις
456 677 548 714 velut
580 681 709 712 montes
738 676 883 710 lucernis
915 677 1105 709 reservatas
1136 672 1302 706 censeret.
1339 672 1474 715 praeter
1502 666 1631 702 Iunium
1654 677 1738 700 con-

286 727 448 760 iectorem
478 724 562 758 alius
585 734 652 756 non
676 722 784 757 adfuit
813 721 870 767 qui
902 719 1101 754 sententiam
1129 717 1279 751 firmaret
1308 719 1438 749 auctor.
1483 724 1525 748 ea
1549 723 1638 747 nunc
1658 711 1736 746 ideo

288 784 356 806 non
381 770 492 804 acrius
516 770 678 812 defensa,
714 766 856 812 Georgii
887 764 1022 799 Coresii
1051 762 1119 798 suis
1151 773 1204 796 me
1231 759 1338 795 literis
1370 759 1476 794 amice
1507 756 1740 792 convenientis

290 818 456 860 diversam
490 820 631 850 mentem
659 813 811 848 tenacius
842 810 998 857 amplecti
1030 807 1259 844 constitutum.
1287 809 1398 846 totus,
1429 804 1538 850 inquit
1567 803 1639 845 ille,
1678 801 1738 836 ΟΡ

290 861 485 907 patriarchii
510 862 592 895 situs
615 870 796 894 concavum
818 858 929 892 locum
952 854 1134 900 occupavit
1163 851 1348 898 quondam,
1380 850 1522 896 eiusque
1541 849 1643 883 aedes
1665 858 1740 882 cum

290 908 430 952 reliquis
452 912 624 952 spectatae
644 905 772 949 κοίλην
802 901 911 937 θέσιν
931 904 1116 936 cavitatem
1140 903 1174 933 et
1202 898 1296 932 velut
1316 896 1518 942 voraginem
1540 894 1742 928 exhibebant

292 955 417 996 oculis,
442 960 477 986 et
499 954 531 986 in
555 963 595 986 ea
618 954 686 985 tum
710 949 849 995 syncelli
870 954 940 982 tum
962 947 1018 982 alii
1042 944 1193 980 monachi
1219 941 1435 989 patriarchae
1460 940 1623 985 obsequio
1648 950 1743 974 man-

293 999 398 1044 cipati
420 999 475 1032 vel
499 998 597 1032 etiam
622 995 800 1031 domestici
829 994 941 1029 sedem
975 992 1191 1029 obtinebant,
1222 988 1310 1022 unde
1340 991 1376 1022 et
1405 983 1635 1022 κατάκοιλοιι
1669 983 1741 1030 pri—

292 1050 400 1078 mates
425 1055 508 1077 vero
531 1042 644 1077 clerici
667 1040 735 1084 ἔξω
758 1037 969 1085 κοιλότητος
991 1039 1232 1072 commorantes
1265 1033 1447 1078 domosque
1479 1031 1604 1077 amplas
1626 1035 1662 1064 et
1683 1041 1745 1064 ex-

293 1091 401 1123 celsas
424 1090 557 1134 adepti,
582 1099 645 1123 ceu
667 1087 724 1132 qui
756 1099 798 1121 ex
832 1084 1023 1132 praecipuis
1054 1080 1188 1117 familiis
1220 1082 1256 1114 et
1284 1078 1483 1126 proceribus
1511 1077 1745 1121 seligerentur,

293 1131 578 1177 ἔξωκατάκοιλοι
600 1133 782 1174 nominati,
811 1131 868 1176 qui
900 1142 966 1164 non
996 1129 1094 1163 modo
1127 1125 1269 1161 clericos
1300 1124 1385 1159 alios
1409 1123 1470 1159 sed
1500 1126 1536 1158 et
1567 1121 1746 1168 pontifices

295 1181 390 1227 ipsos
412 1182 540 1214 honore
561 1179 812 1225 praecederent.
830 1177 915 1211 haec
934 1176 1003 1211 ille.

387 1247 421 1281 p.
437 1238 482 1272 66
495 1248 527 1272 v.
544 1237 578 1273 9.
599 1235 671 1269 τῶν
693 1232 927 1278 πατριαρχῶν
942 1231 1012 1275 τις]
1036 1229 1139 1263 debet
1160 1227 1238 1270 ille,
1259 1225 1407 1272 quisquis
1436 1224 1558 1269 fuerit,
1590 1222 1749 1269 quadrin—

297 1286 419 1327 gentos
442 1293 546 1316 annos
578 1291 760 1326 superare,
794 1290 867 1313 cum
899 1279 1049 1322 Symeon
1080 1273 1395 1308 Thessalonicensis
1423 1275 1503 1305 ante
1533 1273 1748 1305 memoratum

296 1335 430 1372 tempus
453 1327 598 1372 scriptor
620 1326 759 1359 eximius
792 1325 915 1369 primos
942 1321 1104 1356 ecclesiae
1132 1330 1270 1363 magnae
1301 1317 1462 1359 clericos,
1496 1316 1554 1361 qui
1588 1318 1750 1350 exocata-

298 1373 405 1414 coeli,
426 1372 511 1406 velit
537 1372 639 1406 etiam
661 1372 703 1404 ab
727 1370 865 1415 antiquo
889 1367 1033 1413 (diutino
1055 1365 1186 1410 spatio)
1209 1364 1368 1398 diaconos
1389 1361 1572 1396 exstitisse.

389 1429 437 1465 ib.
455 1430 557 1464 v.12.
589 1425 772 1472 σφραγίζω
802 1433 1035 1467 nonnunquam
1067 1422 1188 1455 ordino
1223 1430 1283 1453 seu
1318 1429 1414 1452 veros
1445 1418 1582 1452 ordines
1614 1418 1751 1460 confero

298 1476 419 1511 refert.
462 1474 640 1507 Balsamon
672 1472 707 1505 in
742 1471 828 1504 Can.
861 1468 1091 1514 Apostolicum
1123 1466 1189 1500 36:
1230 1461 1429 1503 διακόνους
1459 1463 1754 1507 χειροτονεῖσθαι

299 1518 387 1566 μέν,
411 1517 507 1554 τοῦτ’
534 1515 607 1553 ἔστι
631 1515 915 1560 σφραγίζεσθαι,
937 1510 1138 1556 ἐμάθομεν.
1160 1520 1393 1554 nonnunquam
1417 1519 1515 1542 cruce
1536 1508 1649 1552 signo.
1676 1506 1752 1540 Eu-

302 1565 489 1609 chologium
513 1564 547 1598 in
578 1563 699 1598 Ordin.
736 1560 906 1595 hectoris:
937 1557 1146 1601 σφραγίζων
1176 1550 1364 1598 ἐπιτίθησι
1387 1550 1456 1598 τὴν
1481 1554 1598 1598 χεῖρα.
1638 1552 1755 1587 Thes—

302 1610 539 1646 salonicensis:
571 1609 624 1655 τῷ
656 1606 810 1652 ὃικηρίῳ
833 1603 1020 1649 σφραγίζει
1043 1599 1084 1637 τὸ
1107 1597 1215 1644 ἅγιον
1235 1595 1467 1643 εὐαγγέλιον,
1498 1610 1592 1633 cereo
1612 1597 1755 1642 bicipiti.

302 1657 523 1700 evangelium
554 1655 687 1700 signat.
720 1652 921 1697 quandoque
949 1647 1082 1683 tandem
1113 1650 1167 1680 est
1201 1646 1362 1680 adiuncto
1395 1644 1506 1678 crucis
1529 1645 1630 1689 signo
1652 1643 1756 1678 mini-

305 1704 446 1737 sterium
461 1703 515 1736 vel
538 1701 691 1745 officium
708 1699 894 1733 committo.
917 1693 1085 1739 Typicum
1110 1692 1225 1726 Sabae
1250 1702 1280 1725 c.
1304 1691 1346 1725 52
1374 1691 1420 1735 τῇ
1442 1685 1484 1724 δὲ
1505 1686 1642 1734 μεγάλῃ
1675 1698 1757 1723 τεσ-

307 1748 519 1792 σαρακοστῇ
549 1744 736 1790 σφραγίζει
778 1737 964 1785 προεστὼς
1006 1733 1226 1781 ἐξυπνιστὴν
1262 1731 1303 1770 ἐν
1333 1732 1515 1781 ἐκκλησίᾳ.
1573 1745 1656 1779 quos
1689 1733 1758 1768 ita-

309 1805 377 1839 que
400 1793 591 1838 patriarcha
614 1788 871 1825 exocatacoelos
891 1784 1099 1830 σφραγίζει,
1124 1783 1233 1818 crucis
1254 1782 1355 1828 signo
1377 1780 1549 1823 instituit,
1573 1779 1665 1826 prius
1686 1779 1760 1814 dia-

311 1839 387 1873 coni
406 1850 489 1873 vera
510 1837 720 1872 ordinatione
739 1833 887 1880 promoti
908 1831 1151 1874 intelliguntur.

422 1911 459 1948 p.
482 1899 535 1938 67
553 1909 588 1934 v.
607 1897 645 1936 2.
674 1894 801 1933 Iunius
821 1891 928 1931 addit
947 1889 1204 1940 negationem,
1233 1881 1283 1927 οὕ
1307 1887 1493 1938 φοροῦσι,
1518 1897 1587 1923 non
1608 1887 1762 1934 gestant.

312 1953 456 1991 codices
491 1953 595 1990 Boici
633 1951 831 1990 omittunt:
875 1948 1003 1996 itaque
1037 1956 1189 1997 prorsus
1223 1943 1387 1980 diversus
1424 1953 1555 1980 sensus
1592 1940 1762 1989 efficitur,

312 2021 446 2059 nempe
463 2010 637 2046 diaconos
666 2011 748 2044 tota
780 2002 1065 2054 quadragesima
1092 2003 1240 2050 gestare
1267 2010 1455 2049 purpurea
1479 1995 1671 2047 sticharia,
1699 2007 1762 2033 ex-

312 2068 421 2116 cepto
439 2063 729 2102 annuntiationis
750 2062 867 2110 festo,
896 2058 1099 2110 palmarum
1117 2059 1155 2092 et
1172 2067 1307 2103 magno
1326 2054 1496 2091 sabbato.

403 2127 487 2160 ibid.
527 2137 593 2160 non
618 2125 791 2159 toleranda
826 2133 945 2158 vocum
977 2118 1147 2163 corruptio
1178 2115 1390 2160 negationem
1423 2114 1653 2150 affirmationis
1684 2113 1764 2148 vice

312 2173 540 2207 substituens:
565 2171 665 2204 multo
690 2168 850 2203 sincerius
874 2165 1005 2210 Regia,
1027 2162 1197 2197 eliminata
1219 2161 1383 2207 particula
1406 2166 1573 2205 negante,
1594 2160 1765 2204 φοροῦσι.

312 2218 494 2252 auctoritas
519 2222 553 2250 et
570 2214 776 2249 consuetudo
801 2213 934 2247 fidelem
958 2208 1140 2244 huiusmodi
1160 2207 1335 2241 lectionem
1353 2211 1511 2250 tuentur,
1529 2207 1641 2240 luctus
1660 2205 1768 2250 siqui-

314 2266 388 2298 dem
420 2268 454 2297 et
483 2260 759 2307 quadragesimae
790 2264 941 2303 tempore
973 2256 1108 2289 rubrum
1137 2252 1202 2287 sibi
1234 2253 1380 2286 colorem
1413 2253 1551 2286 assumit
1583 2250 1769 2285 orientalis

314 2310 481 2352 ecclesia,
513 2307 638 2351 reliquo
660 2310 835 2350 tempore,
865 2302 988 2336 festivo
1018 2300 1182 2341 maxime,
1214 2298 1400 2332 candidum.
1434 2298 1642 2332 annuntiatio
1671 2307 1767 2339 vero,

315 2356 500 2401 palmarum
524 2353 597 2386 dies
619 2355 654 2385 et
676 2351 853 2385 sabbatum
882 2346 1057 2382 Paschatis
1088 2344 1298 2390 pervigilium
1326 2344 1487 2378 solemnia
1517 2347 1592 2378 sunt
1622 2345 1658 2376 et
1679 2342 1771 2375 festa

316 2401 497 2441 dominica,
522 2398 556 2432 in
579 2397 699 2442 quibus
721 2397 843 2429 rubeus
875 2394 969 2427 color
994 2393 1164 2425 horrorem
1190 2389 1311 2423 incutit
1333 2393 1369 2422 et
1389 2390 1566 2424 adversum
1589 2398 1685 2422 omen
1707 2386 1770 2420 de-

319 2448 400 2481 sert.
434 2446 570 2479 Simeon
594 2439 922 2477 Thessalonicensis:
952 2437 988 2471 τί
1006 2437 1158 2479 δηλοῦσι
1179 2431 1226 2469 τοὶ
1259 2431 1369 2468 λευκοὶ
1403 2431 1589 2478 ἐνδύματα
1611 2433 1679 2467 τοῦ
1700 2429 1770 2475 ἆρ-

318 2490 484 2536 χιερέως,
508 2488 572 2524 καὶ
594 2488 632 2523 τί
651 2485 697 2522 τοὶ
720 2481 864 2528 ἐρυθροὶ
886 2480 981 2517 κατὰ
1009 2482 1078 2525 τὴν
1100 2478 1408 2523 τεσσαρακοστήνς
1433 2479 1621 2523 subiungit:
1657 2473 1769 2512 λευκοὶ

319 2539 437 2572 ταῦτα
461 2533 525 2570 διὰ
548 2531 590 2568 τὰ
614 2529 787 2575 καθαρὸν
807 2527 953 2576 χάριτος
975 2526 1038 2561 καὶ
1061 2524 1255 2570 φωτεινόν.
1278 2523 1453 2566 πολλάκις
1477 2523 1520 2558 δέ
1538 2536 1576 2567 γε
1594 2521 1658 2558 καὶ
1674 2532 1768 2562 πορ-

320 2584 424 2627 φυροῖ
446 2577 542 2615 κατὰ
565 2577 630 2614 τὸν
652 2575 783 2623 καιρὸν
808 2576 880 2611 τῶν
913 2573 1085 2617 νηστειῶν
1117 2568 1181 2605 διὰ
1214 2568 1257 2605 τὸ
1287 2572 1442 2605 πενθεῖν
1475 2568 1572 2614 ἡμᾶς
1604 2565 1767 2613 ἁμαρτή-

321 2640 456 2667 σαντας
478 2625 541 2661 καὶ
565 2622 627 2660 διὰ
650 2621 716 2659 τὸν
741 2618 925 2667 σφαγέντα
955 2614 1048 2660 ὑπὲρ
1083 2614 1186 2660 ἡμῶν
1213 2613 1356 2660 Ἰησοῦν
1388 2614 1555 2657 Χριστόν.
1578 2613 1770 2648 Demetrius

323 2672 550 2717 Bulgariensis
573 2670 660 2704 Iuris
682 2670 750 2705 GR
773 2670 797 2704 l.
823 2668 862 2702 5:
885 2662 1051 2701 πένθους
1072 2661 1141 2696 εἰσὶ
1161 2658 1208 2697 τοὶ
1231 2662 1408 2706 πορφυρᾶ
1423 2658 1607 2705 ἐνδύματα
1631 2655 1769 2703 σήμαν-

321 2731 428 2762 τρον·
453 2714 493 2752 ἐν
515 2713 644 2760 μόναις
665 2712 736 2761 γὰρ
757 2714 941 2760 νηστίμοις
971 2706 1123 2753 ἡμέραις
1144 2706 1207 2742 καὶ
1241 2703 1281 2742 ἐν
1311 2704 1553 2752 μνημοσύναις
1582 2700 1769 2740 ἀπελθόν-

321 2777 395 2800 των
425 2761 691 2809 λαμβάνονται.
