1820 3178
270 202 367 249 208
466 197 741 245 GRETSERI
761 196 834 240 ET
859 194 1032 239 GOARI
1051 189 1509 238 COMMENTARIUS.

271 313 422 367 patricii.
450 312 664 363 contingere
693 306 841 359 quidem
860 308 1008 358 poterat
1041 309 1083 344 ut
1112 302 1271 344 canideo
1301 301 1510 356 praefectus
1546 297 1720 353 patricius

228 394 232 397 <
271 375 392 423 esset,
415 370 483 408 sed
501 369 541 407 id
557 380 633 407 non
649 369 731 405 erat
750 362 1004 403 necessarium.

385 433 553 487 Observa
569 443 733 483 secundo
758 441 892 480 falsum
909 451 991 479 esse
1016 427 1118 490 qiiod
1146 435 1329 475 Meursius
1356 432 1507 472 scribit:
1534 432 1726 484 imperato-

273 518 344 545 rem
367 505 528 544 ecclesiae
553 507 587 540 et
613 502 716 539 rebus
749 499 995 537 ecclesiasticis
1018 495 1217 547 praefuisse
1245 492 1355 530 veluti
1390 499 1582 541 supremum
1609 490 1728 538 caput.

273 561 396 601 nullus
415 562 615 611 imperator
629 556 856 596 orthodoxus
875 554 974 592 hunc
993 551 1140 591 titulum
1153 549 1223 588 sibi
1243 546 1451 597 arrogavit:
1479 542 1730 582 schismatico-

274 631 358 657 rum
376 621 414 655 et
431 615 697 654 haereticorum
723 612 794 650 hoc
813 610 1004 664 proprium
1024 611 1093 646 est.
1123 604 1321 646 orthodoxi
1337 603 1575 653 imp'emores
1593 601 1731 637 norunt

276 687 319 713 se
348 685 431 712 esse
460 684 547 711 oves
572 669 744 708 ecclesiae
757 695 770 719 ,
797 680 874 705 non
901 669 1091 718 pastores,
1119 662 1313 711 subditos,
1342 671 1419 697 non
1443 656 1575 707 capita.
1604 654 1733 692 defen—

276 743 380 769 sores
400 730 528 767 itidem
557 727 729 765 ecclesiae
755 727 863 762 sunt:
892 721 1022 774 capitis
1052 730 1186 759 nomen
1216 729 1359 756 summo
1379 712 1565 767 pontifici,
1593 709 1734 748 Christi

279 787 415 825 vicario
434 785 614 833 Petrique*
634 780 837 821 successori
859 792 935 817 non
954 777 1059 816 inviti
1083 776 1306 824 relinquunt.
1335 783 1383 810 ne
1406 769 1632 809 Calvinisme
1652 766 1734 815 qui-

281 844 366 881 dem
393 841 561 879 Puritani
581 839 713 891 capitis
735 835 1117 876 ecclesiasticinomen
1145 831 1293 882 regibus
1318 827 1430 867 tribui
1445 827 1580 864 ferunt.
1603 825 1735 861 notum

281 904 341 937 est
355 911 467 949 quam
484 898 578 935 limis
592 895 705 935 oculis
720 893 895 932 Calvinus
913 902 1038 942 regem
1049 887 1207 939 Angliae
1222 887 1269 925 ob
1287 886 1385 923 hunc
1403 882 1552 921 titulum
1566 891 1736 930 assump-

283 960 365 994 tum
385 954 590 1006 aspexerit,
617 956 657 990 et
674 953 713 990 in
731 950 861 1000 Belgio
886 960 997 998 quam
1027 945 1265 984 ferventiores
1297 940 1523 980 calvinistae
1551 935 1737 975 obsistant

284 1025 333 1051 ne
351 1010 532 1051 foederati
551 1010 711 1048 Ordines
729 1020 798 1060 pro
818 1005 938 1057 capite
956 1003 1128 1042 ecclesiae
1143 1000 1349 1039 efferantur
1366 1000 1409 1035 et
1422 995 1696 1046 agnoscantur..

401 1089 571 1127 Observa
586 1087 697 1125 tertio
715 1084 851 1124 falsum
872 1094 955 1120 esse
976 1081 1079 1130 quod
1104 1077 1287 1117 Meursius
1314 1075 1426 1124 dicit,
1451 1070 1646 1123 patricium
1673 1066 1741 1108 ali-

287 1158 398 1196 quem
424 1143 720 1196 ὖπεκκλησίονα
751 1141 890 1179 dictum
919 1138 1082 1176 tenuisse
1107 1135 1221 1173 vicem
1249 1129 1481 1183 imperatoris
1505 1128 1544 1165 in
1575 1126 1671 1175 hoc,
1697 1126 1742 1161 ut

284 1204 342 1240 ita
358 1202 513 1251 loquar,
533 1202 761 1251 capitaneatu
777 1196 960 1235 ecclesiae.
989 1194 1056 1231 sed
1089 1195 1132 1230 ut
1159 1189 1331 1228 ficticium
1355 1189 1414 1224 est
1438 1185 1554 1222 ullum
1582 1183 1742 1233 impera-

283 1263 407 1297 torem
435 1257 655 1296 catholicum
687 1267 757 1307 pro
784 1252 906 1304 capite
934 1249 1107 1288 ecclesiae
1133 1259 1215 1285 sese
1252 1244 1483 1292 venditasse,
1511 1240 1566 1278 ita
1591 1236 1743 1277 ficticius

287 1319 347 1352 est
363 1315 434 1352 iste
452 1313 629 1365 patricius
644 1310 800 1348 vicarius
820 1307 1052 1360 imperatoris
1074 1305 1113 1342 in
1130 1303 1240 1342 rebus
1257 1297 1519 1339 ecclesiasticis.
1560 1299 1599 1332 et
1618 1297 1745 1332 tamen
1795 1342 1797 1344 Ι

287 1371 360 1409 hoc
380 1369 493 1407 semel
508 1368 683 1406 effudisse
700 1379 777 1404 non
795 1368 1013 1412 contentus,
1032 1362 1071 1398 id
1089 1374 1122 1397 v·
1141 1356 1419 1408 ὖπεκκλησίων
1443 1351 1582 1391 recinit.
1607 1348 1747 1388 scilieet

287 1428 490 1478 imperator
507 1425 685 1462 Iudaeum
708 1425 893 1460 recentem
917 1432 940 1457 a
961 1417 1146 1468 baptismo
1165 1426 1274 1452 suum
1300 1413 1339 1449 in
1358 1410 1468 1449 rebus
1492 1404 1745 1446 ecclesiasticis

289 1483 465 1521 vicarium
493 1480 766 1528 constituisset,
798 1476 941 1515 etiamsi
975 1487 1043 1526 pro
1073 1472 1194 1523 capite
1226 1467 1398 1507 ecelesiae
1428 1477 1469 1503 se
1505 1462 1748 1509 venditasset,

289 1540 421 1579 rudem
443 1537 564 1576 adhuc
585 1537 722 1575 rituum
741 1532 1034 1572 Christianorum
1058 1532 1097 1566 et
1121 1524 1383 1565 ecclesiasticae
1401 1521 1551 1573 politiae
1567 1519 1747 1569 ignarum.

291 1595 442 1648 politica
466 1594 581 1644 igitur
609 1592 771 1643 dignitas
814 1591 914 1638 erat,
955 1599 1032 1624 non
1064 1582 1332 1632 ecclesiastica,
1373 1575 1685 1629 quemadmodum
1709 1575 1750 1610 et

295 1652 513 1706 patriciatus
537 1653 576 1687 et
596 1648 827 1700 praefectura
839 1642 999 1683 caniclei.

407 1727 541 1778 Longe
565 1726 636 1764 alia
655 1729 694 1764 et
717 1725 823 1763 aliter
843 1724 892 1760 de
911 1719 1142 1772 praefectura
1169 1713 1318 1754 caniciei
1343 1707 1652 1754 doctissimusxir
1669 1705 1752 1745 Nic.

298 1783 544 1823 Alemannus:
575 1796 661 1820 nam
682 1783 721 1819 in
755 1777 1017 1818 commentario
1040 1775 1090 1813 ad
1118 1770 1310 1813 ἀνέκδοτα
1334 1767 1526 1818 Procopii,
1554 1775 1649 1814 quae
1671 1763 1754 1814 ipse

299 1854 418 1893 nuper
438 1840 645 1890 evulgavit,
669 1839 708 1875 in
731 1836 823 1875 illud
850 1849 887 1886 p.
906 1836 961 1875 29
988 1845 1022 1871 v.
1049 1833 1097 1872 2:
1129 1829 1236 1867 colore
1256 1826 1409 1865 imbutus
1433 1836 1499 1874 quo
1519 1821 1664 1860 scribere
1683 1831 1754 1856 mos

300 1902 352 1936 est
364 1897 649 1947 imperatoribus,
677 1894 730 1931 ita
745 1891 882 1930 scribit.
926 1888 1120 1938 Gregorius
1145 1882 1325 1922 Secundus
1348 1881 1398 1918 ad
1420 1879 1568 1917 Leonem
1589 1875 1755 1913 Isauram

301 1956 559 2004 imperatorem:
603 1950 752 1988 Literae
784 1952 872 1985 tuae
900 1949 939 1983 et
969 1955 1044 1982 non
1080 1941 1219 1978 alienae
1253 1936 1382 1987 sigillis
1416 1931 1660 1984 imperatoriis
1688 1928 1756 1968 ob-

302 2010 473 2060 signatae
510 2007 704 2056 diligenter
735 2007 878 2052 essent,
919 2004 958 2038 et
997 2000 1189 2036 accuratae
1222 1994 1322 2030 intus
1363 1989 1650 2040 subscriptiones
1689 1997 1757 2036 per

304 2063 528 2103 cinnabarim
550 2062 699 2112 propria
717 2072 827 2096 manu
848 2062 935 2106 tua,
964 2058 1006 2091 ut
1029 2065 1109 2090 mos
1129 2054 1186 2089 est
1213 2045 1494 2100 imperatoribus
1519 2041 1758 2081 subscribere.

305 2119 528 2159 cinnabarim
555 2119 695 2155 vocavit
723 2116 761 2152 ob
793 2114 915 2152 coloris
947 2108 1228 2149 similitudinem:
1253 2104 1313 2143 sed
1342 2103 1599 2153 imperatorium
1625 2109 1760 2136 encau-

306 2181 407 2215 stum
423 2186 632 2226 purpurcum
663 2175 739 2209 erat
763 2183 808 2207 ex
839 2170 977 2206 murice.
1005 2165 1099 2203 sacri
1135 2162 1271 2201 affatus
1284 2187 1297 2210 ,
1339 2168 1579 2208 quoscunque
1609 2158 1760 2193 nostrae

304 2230 597 2272 mansuetudinis
631 2228 670 2265 in
711 2236 930 2276 quacunque
965 2221 1182 2273 paginarum
1213 2215 1400 2268 scripserit
1430 2212 1653 2261 auctoritas,
1683 2221 1760 2247 non

305 2289 376 2327 alio
398 2287 502 2326 vultu
522 2286 668 2337 penitus
698 2286 762 2320 aut
791 2281 912 2319 colore
931 2278 1000 2316 nisi
1023 2287 1208 2328 purpurea
1237 2271 1495 2311 tantummodo
1523 2265 1761 2318 inscriptione

305 2346 533 2392 lustrentur,
559 2341 698 2379 scilicet
715 2342 758 2376 ut
776 2337 871 2375 cocti
888 2334 1033 2373 muricis
1056 2337 1095 2371 et
1114 2332 1192 2370 triti
1211 2328 1390 2378 conchylii
1407 2327 1540 2365 ardore
1556 2325 1761 2374 signentur.

306 2402 403 2440 hanc
421 2403 544 2438 autem
562 2397 656 2436 sacri
686 2394 851 2433 encausti
883 2390 1149 2430 confectionem
1176 2386 1268 2424 nulli
1292 2386 1342 2423 sit
1365 2383 1504 2421 licitum
1526 2384 1592 2419 aut
1613 2389 1763 2417 conces-

309 2470 392 2496 sum
411 2456 557 2494 habere.
588 2454 614 2492 l.
636 2456 662 2496 6
680 2451 719 2490 C.
738 2451 779 2488 de
797 2451 922 2488 divers.
944 2449 1099 2496 rescript.
1120 2446 1335 2482 encaustum
1357 2439 1457 2478 hodie
1475 2441 1513 2476 in
1531 2435 1647 2476 Italia
1669 2434 1766 2472 dici-

309 2527 387 2553 mus
401 2512 633 2558 enchiostr03
658 2510 833 2546 encausta
846 2509 885 2543 et
899 2502 1128 2542 encaustaria
1146 2499 1327 2549 legendum
1344 2498 1382 2535 in
1404 2495 1431 2534 l.
1455 2496 1482 2536 9
1509 2493 1549 2533 C.
1576 2491 1619 2530 de
1640 2490 1766 2540 Agr-ic.

312 2570 451 2620 Liquor
476 2568 537 2605 ille
556 2578 775 2618 purpureus,
809 2573 906 2613 quem
931 2561 987 2598 hic
1013 2571 1081 2597 non
1110 2558 1342 2595 atramentum
1371 2551 1431 2590 sed
1456 2549 1767 2602 purpuramentum

315 2638 441 2664 vocare
461 2624 587 2671 liceat,
616 2621 820 2660 servabatur
838 2620 876 2657 in
897 2615 1165 2661 atramentario,
1193 2613 1265 2649 nisi
1280 2610 1392 2648 dicere
1417 2606 1522 2645 malis
1543 2606 1650 2642 etiam
1677 2612 1768 2653 pur-

313 2682 577 2732 puramentario
585 2693 598 2726 3
625 2677 715 2729 quod
748 2688 826 2714 cum
854 2672 1009 2712 caniculi
1033 2670 1188 2722 formam
1211 2667 1434 2718 effigiemque
1462 2672 1551 2713 prae
1580 2672 1615 2697 ne
1642 2656 1766 2708 ferret,

319 2737 440 2787 quales
467 2736 795 2773 atramentariorum
817 2730 955 2782 formas
988 2727 1153 2777 hodieque
1172 2733 1403 2774 usurpamus,
1431 2718 1472 2756 ob
1506 2715 1546 2755 id
1583 2711 1768 2753 caniculas

319 2797 370 2830 est
389 2792 613 2843 appellatum.
644 2794 712 2828 eta
727 2786 890 2827 caniculo
917 2787 993 2823 erat
1016 2785 1077 2833 qui
1109 2780 1255 2819 Caesari
1287 2774 1455 2816 eiusmodi
1471 2772 1769 2825 purpuramenta-

320 2851 410 2887 rium
429 2848 663 2887 ministrabat.
720 2843 928 2884 Anastasius
946 2838 1235 2879 Bibliotlaeecarius
1252 2833 1301 2874 ad
1318 2836 1478 2872 octavam
1504 2826 1671 2881 synodum
1690 2826 1771 2863 Act.
