1864 3164
316 208 413 256 276
530 207 804 253 GRETSERI
822 207 894 250 ET
913 206 1086 250 GOARI
1105 207 1543 251 COMMENTARIUS

316 319 374 371 git
395 314 659 372 διβᾶμπουλα.
686 329 761 368 quo
779 315 903 355 codice
930 314 1076 355 fretus?
1101 315 1136 354 si
1153 316 1242 367 quid
1265 316 1520 369 corrigendum
1540 316 1610 367 sit,
1638 316 1763 368 potius

321 380 361 414 et
381 388 470 414 vero
490 375 641 426 propius
675 373 889 412 correxerim
918 370 1182 422 διαπάτουλα,
1220 372 1292 412 hoc
1313 378 1372 413 est
1401 374 1452 412 ad
1481 372 1563 413 loca
1585 375 1765 426 patentia,

323 445 398 471 uno
414 432 527 471 verbo
543 433 592 468 ad
609 430 762 480 atrium,
788 442 855 467 seu
871 430 921 467 ad
939 425 1127 482 διάβατα,
1153 433 1339 470 tramitae.

434 499 574 543 Quinta
591 496 775 534 sententia
793 499 851 533 est
869 495 1031 533 eiusdem
1053 494 1223 546 Mem-sii,
1250 496 1314 546 qui
1330 498 1372 534 et'
1395 495 1455 534 hic
1478 498 1519 534 et
1539 495 1579 533 in
1595 493 1766 546 catalogo

323 554 530 593 officialium
560 564 716 603 magnae
742 551 914 590 ecclesiae
953 549 1259 604 μονοβᾰμβηλον
1282 555 1322 591 et
1358 547 1606 603 διβοὶμβηλον
1635 563 1660 589 a
1692 551 1766 590 velo

321 610 596 649 rescribendum
621 611 765 659 censet,
792 608 898 659 quasi
917 607 978 646 ille
1000 607 1154 659 simplex
1178 607 1321 660 velum,
1347 607 1407 647 hic
1423 607 1560 659 duplex
1577 607 1616 645 in
1641 611 1767 645 custo-

323 668 386 705 dia
408 678 478 704 sua
505 665 692 716 habuerit,
722 664 851 703 velarii
876 665 1026 714 utique,
1055 665 1119 714 qui
1144 675 1243 701 nunc
1267 677 1291 702 a
1323 666 1442 703 ianuis
1466 665 1654 709 ianitor-en
1680 675 1767 702 nam

318 723 388 761 sub
408 723 498 761 velis
520 722 607 759 olim
624 733 683 759 res
705 721 911 771 gerebatur.
940 724 1122 759 caeterum
1139 732 1214 757 mss
1233 720 1340 758 codd.
1361 720 1526 771 inprimis
1543 723 1766 771 repugnant,

317 791 474 830 quorum
505 777 627 816 nullus
656 778 766 815 istam
785 778 1006 828 scripturam
1032 776 1138 815 nobis
1160 776 1317 814 exhibet.
1359 777 1494 814 deinde
1517 775 1766 827 lampadarius

319 840 451 874 tenens
489 830 761 887 διβάμπουλον
788 846 872 872 cum
903 833 1072 885 lampade
1097 845 1252 870 accensa
1283 829 1556 884 διβάμπουλον
1583 833 1623 874 in
1652 844 1764 870 manu

319 891 516 944 portabat:
546 903 622 929 non
640 893 720 928 erat
733 902 821 940 ergo
835 889 974 940 velum,
1000 902 1025 927 a
1043 901 1118 939 quo
1138 889 1265 927 velarit·
1288 893 1327 926 et
1355 888 1511 927 custodes
1535 888 1607 927 veli
1629 900 1765 926 nomen

315 948 439 986 sortiti
474 951 573 985 sunt.
615 958 684 985 nec
726 946 829 984 iuvat
869 945 965 984 hanc
1004 945 1214 996 opinionem
1251 943 1470 983 Anastasius
1514 944 1554 982 in
1595 943 1763 994 sylverio

315 1007 382 1042 aut
408 1002 554 1041 collatio
580 1015 663 1040 cum
690 1000 898 1040 Donatistis
921 1002 1021 1053 apud
1061 1002 1091 1038 S
1121 1000 1389 1051 Augustinum:
1427 999 1516 1038 nihil
1541 1000 1639 1038 enim
1662 1000 1764 1038 aliud

316 1060 522 1098 ostendunt
542 1071 652 1109 quam
679 1058 748 1095 sub
777 1058 859 1100 velo
887 1070 946 1096 res
966 1057 1052 1095 olim
1074 1057 1298 1108 disceptatas
1322 1058 1455 1106 fuisse,
1478 1056 1559 1094 sive
1582 1069 1658 1094 uno
1684 1057 1766 1094 sive

315 1115 480 1162 duobus;
509 1119 612 1152 extra
630 1115 731 1164 quod
744 1114 864 1152 velum
883 1118 1008 1164 partes
1027 1114 1301 1164 exspectabant.
1325 1126 1388 1165 pro
1401 1113 1475 1151 velo
1487 1114 1765 1164 mutamusque

309 1175 429 1222 partis
445 1173 613 1221 episcopi,
644 1170 766 1219 inquit
784 1170 961 1208 Collatio:
989 1171 1023 1208 si
1038 1170 1134 1207 iubet
1152 1170 1348 1207 sublimitas
1369 1174 1455 1218 tua,
1483 1169 1764 1208 intromittentur.
1821 1213 1824 1217 Δ

313 1227 368 1265 sic
388 1227 423 1264 b.
443 1226 629 1276 Sylverius
653 1225 702 1264 ad
719 1228 871 1277 primum
897 1229 931 1276 et
952 1226 1136 1264 secundum
1163 1225 1276 1264 velum
1303 1227 1448 1264 retinuit
1473 1235 1602 1263 omnem
1622 1224 1765 1262 demm-

314 1283 404 1347 quid
418 1282 507 1320 haec
525 1283 575 1366 ald
595 1281 861 1333 lampadarium
880 1284 1071 1333 nostrum,
1099 1282 1157 1320 cui
1174 1283 1248 1322 τοῦ
1261 1277 1533 1334 ὃιβαμπούλου
1553 1292 1642 1320 cura
1664 1291 1764 1321 com-

313 1351 426 1377 missa
444 1342 525 1376 erat
539 1367 548 1375 .

425 1405 540 1441 Sexta
554 1403 738 1441 sententia
747 1407 807 1441 est
817 1398 1090 1455 διβᾶμπουλον
1098 1415 1179 1442 esse
1189 1402 1369 1453 duplicem
1381 1401 1579 1453 ampullam
1590 1406 1630 1441 et
1639 1397 1766 1454 μονά-

315 1463 495 1512 μπουλον
507 1459 708 1509 simplicem
722 1459 938 1511 ampullam;
959 1459 1053 1497 hanc
1066 1460 1228 1497 tenuisse
1245 1459 1284 1495 in
1299 1458 1510 1496 clericorum
1523 1458 1766 1498 ordinationi-

172 1521 202 1554 P
226 1520 292 1557 215
313 1517 383 1555 bus
402 1519 441 1554 et
458 1515 723 1553 initiationibus
743 1515 944 1553 secundum
962 1516 1164 1566 ostiarium,
1187 1513 1234 1552 de
1253 1526 1327 1563 quo
1345 1515 1383 1551 in
1401 1517 1507 1552 sexta
1523 1515 1686 1565 pentade
1707 1514 1766 1553 of-

312 1573 481 1611 ficialium
491 1583 647 1621 magnae
656 1570 840 1621 ecclesiae,
856 1571 954 1608 illam
966 1572 1129 1609 tenuisse
1138 1571 1403 1622 lampadarium
1419 1570 1458 1608 in
1470 1569 1764 1609 solemnitatibus

312 1641 405 1680 quas
424 1628 591 1666 Codinus
610 1628 802 1665 describit:
833 1627 887 1665 ita
905 1627 1020 1664 etiam
1039 1627 1119 1678 ipse
1136 1626 1320 1665 Meursius
1334 1640 1366 1664 v.
1383 1623 1668 1682 διβᾶμπουλον.
1693 1626 1763 1664 sed

312 1686 403 1735 quid
423 1685 461 1721 in
487 1684 544 1721 his
555 1683 753 1734 ampullis?
779 1683 818 1720 in
835 1683 1072 1734 monampulo
1097 1696 1173 1720 non
1198 1683 1328 1720 dubito
1347 1682 1461 1720 fuisse
1479 1682 1656 1733 chrisma,
1687 1694 1764 1732 quo

312 1741 377 1791 qui
390 1739 597 1778 sacerdotio
609 1740 799 1777 initiantur
811 1739 1052 1789 inunguntur,
1067 1739 1107 1776 in
1121 1739 1333 1789 dibampulo
1355 1742 1479 1775 autem
1495 1738 1609 1776 fuisse
1619 1751 1765 1777 sacrum

313 1797 434 1835 oleum
447 1799 486 1833 et
499 1795 667 1845 chrisma,
685 1799 728 1832 ut
739 1795 939 1846 imperator
955 1795 1137 1832 unctionis
1150 1807 1238 1832 suae
1250 1794 1379 1832 tamin
1398 1795 1581 1845 baptismo
1600 1807 1710 1845 quam
1723 1794 1764 1832 iu

311 1852 549 1903 imperatoria
565 1851 845 1901 inauguratione
863 1863 1009 1903 semper
1026 1863 1167 1889 memor
1178 1855 1287 1889 esset.
1315 1851 1372 1888 his
1394 1851 1488 1888 forte
1510 1850 1627 1888 lucem
1645 1849 1764 1900 dabit,

313 1908 460 1946 tametsi
474 1907 622 1957 exilem,
650 1908 785 1945 citatus
802 1919 827 1946 a
843 1906 1005 1945 Meursio
1025 1906 1228 1957 Ansegisus
1253 1907 1276 1947 1
1304 1909 1403 1948 162:
1427 1907 1607 1959 presbyter
1624 1907 1663 1944 in
1679 1918 1763 1945 cem

312 1964 447 2002 domim·
479 1963 569 2000 duas
595 1963 772 2012 ampullas
797 1976 911 2001 secum
947 1962 1102 2014 deferat,
1129 1976 1235 2000 anam
1265 1962 1315 2000 acl
1341 1962 1511 2010 chrisma,
1539 1962 1685 2000 alteram
1709 1961 1762 2000 ad

313 2019 447 2067 oleum,
476 2018 527 2055 ad
546 2018 801 2055 catechumenos
816 2019 1032 2067 inungendos
1053 2018 1109 2055 vel
1126 2019 1289 2068 infirmos.
1320 2017 1485 2055 fecerunt
1504 2029 1593 2067 ergo
1613 2016 1762 2068 Graeci,

314 2079 357 2112 ut
383 2074 454 2112 alia
479 2072 614 2121 multa,
642 2073 695 2109 sic
727 2078 766 2110 et
793 2073 966 2124 ampullae
992 2083 1130 2110 nomen
1142 2085 1250 2109 suum
1275 2072 1313 2108 in
1331 2073 1544 2123 monampulo
1557 2076 1596 2110 et
1622 2072 1760 2111 ‹libam-

307 2130 416 2181 pulo,
443 2141 509 2167 seu
523 2128 743 2178 geminatok
760 2127 995 2179 dibampullo‚·
1021 2139 1045 2165 a
1078 2140 1151 2177 quo
1182 2140 1253 2165 vox
1277 2127 1388 2165 etiam
1414 2127 1633 2166 Germanica
1648 2126 1762 2180 antpel

312 2186 420 2236 quasi
441 2184 598 2235 ampulla
621 2183 822 2221 descendit.
851 2187 890 2221 et
914 2183 1008 2221 hanc
1028 2185 1250 2222 sententiam
1269 2196 1339 2233 ego
1368 2196 1458 2234 prae
1481 2183 1560 2222 aliis
1579 2183 1698 2236 probo
1719 2188 1761 2222 et

313 2241 535 2292 amplector,
558 2238 643 2277 licet
674 2238 870 2277 Balsamon
895 2239 933 2276 in
958 2239 1088 2277 melete
1119 2252 1184 2277 seu
1217 2240 1476 2278 exercitatione
1499 2251 1569 2278 sua
1596 2239 1685 2278 nihil
1710 2240 1760 2278 de

315 2295 513 2347 dibampulo
542 2295 752 2346 imperatori
779 2307 803 2332 a
831 2294 1057 2345 lampadario
1086 2296 1261 2346 praeferri
1292 2296 1425 2346 solito,
1452 2297 1522 2334 sed
1546 2300 1692 2334 tantum
1710 2295 1759 2333 de

312 2352 486 2404 lampade
501 2351 649 2389 scribat.
676 2363 744 2388 nec
763 2362 972 2401 quenquam
991 2352 1118 2389 turbet
1136 2352 1226 2389 illud
1242 2352 1267 2401 β
1274 2365 1282 2389 :
1312 2352 1381 2389 etsi
1404 2352 1500 2389 enim
1531 2351 1611 2390 sola
1630 2350 1761 2390 vocula

315 2410 357 2449 δι
380 2407 564 2460 duplicat,
589 2411 632 2444 ut
651 2407 831 2456 bigat-ius,
857 2406 917 2445 hic
934 2411 1057 2446 tamen
1085 2408 1132 2447 ob
1156 2408 1318 2446 vocalem
1334 2412 1549 2458 sequentem
1567 2408 1594 2461 β
1619 2407 1759 2446 interii-

313 2466 431 2516 citur,
454 2464 658 2515 euphoniae
676 2475 796 2501 causa.

407 2538 577 2573 Graecum
610 2536 826 2583 proverbium
857 2536 951 2571 lubet
983 2537 1048 2571 huc
1085 2547 1276 2572 arcessere:
1311 2534 1407 2572 ὅπου
1437 2534 1568 2572 πολλοὶ
1597 2533 1758 2572 aarum!

314 2578 854 2662 ffffl⁶³a²z⁶2zza„³,:‘i.:²ss2‘³
887 2578 1320 2662 ωὲξᾱ
1341 2582 1757 2662 ’ἕξτοηξείὲῐηῗπεῇῑ

315 2684 357 2706 ex
380 2653 465 2707 lucis
488 2684 587 2707 sensu
612 2678 744 2707 canunt.
806 2638 935 2712 ssave
955 2639 1177 2707 etinmqhodie
1203 2673 1380 2719 proverbia
1401 2673 1531 2707 dicunt:
1558 2651 1759 2716 ἕπιμῖἱθιον

314 2684 992 2798 ῗέἓ“ἰ.ἐ’,ἷ,“ῗιῖἑῗιὶ,ιῳοοέἰῐὲῗέἒὲεἱῗ
1014 2719 1467 2808 Ξῗὲῖεῗὲοἷῖἶῗῗῖῗὲἰῑῖζ
1491 2716 1758 2797 (ἒὲἷέἶοῖῗῖῗὲ

312 2807 482 2848 sensibus.
509 2820 606 2853 quern
629 2809 814 2855 amplectar
830 2818 896 2842 non
919 2808 1039 2842 video:
1069 2809 1194 2843 certior
1211 2809 1326 2854 itaque
1348 2819 1454 2843 meum
1476 2807 1509 2842 in
1532 2807 1676 2842 medium
1697 2806 1759 2842 ad-
1801 2811 1804 2817 ’

312 2852 430 2888 ducam
460 2865 501 2888 ex
533 2855 753 2898 Balsamone,
783 2853 951 2890 Meditata
981 2853 1024 2888 de
1055 2854 1319 2900 patriarcharum
1349 2852 1546 2899 privilegiis.
1591 2853 1700 2888 lumen
1723 2855 1759 2887 et
