<?xml version="1.0" encoding="UTF-8"?>
<!DOCTYPE html PUBLIC "-//W3C//DTD XHTML 1.0 Transitional//EN"
    "http://www.w3.org/TR/xhtml1/DTD/xhtml1-transitional.dtd">
<html xmlns="http://www.w3.org/1999/xhtml" xml:lang="en" lang="en">
 <head>
  <title>
</title>
<meta http-equiv="Content-Type" content="text/html;charset=utf-8" />
  <meta name='ocr-system' content='tesseract 3.04.00' />
  <meta name='ocr-capabilities' content='ocr_page ocr_carea ocr_par ocr_line ocrx_word'/>
</head>
<body>
  <div class='ocr_page' id='page_1' title='image "./corpusscriptorum16niebuoft_0094.png"; bbox 0 0 1832 3178; ppageno 0'>
   <div class='ocr_carea' id='block_1_1' title="bbox 855 75 870 91">
    <p class='ocr_par' dir='ltr' id='par_1_1' title="bbox 855 75 870 91">
     <span class='ocr_line' id='line_1_1' title="bbox 855 75 870 91; baseline 0 0"><span class='ocrx_word' id='word_1_1' title='bbox 855 75 870 91; x_wconf 60' lang='grc' dir='ltr'><strong><em>θ</em></strong></span> 
     </span>
    </p>
   </div>
   <div class='ocr_carea' id='block_1_2' title="bbox 252 182 1299 250">
    <p class='ocr_par' dir='ltr' id='par_1_2' title="bbox 252 182 1299 250">
     <span class='ocr_line' id='line_1_2' title="bbox 252 182 1299 250; baseline -0.002 0"><span class='ocrx_word' id='word_1_2' title='bbox 252 204 317 250; x_wconf 83' lang='grc'><strong>78</strong></span> <span class='ocrx_word' id='word_1_3' title='bbox 671 204 872 249; x_wconf 78' lang='lat' dir='ltr'><strong>comm</strong></span> <span class='ocrx_word' id='word_1_4' title='bbox 905 182 1299 249; x_wconf 76' lang='lat' dir='ltr'><strong>GUROPALATAE</strong></span> 
     </span>
    </p>
   </div>
   <div class='ocr_carea' id='block_1_3' title="bbox 195 316 1762 2007">
    <p class='ocr_par' dir='ltr' id='par_1_3' title="bbox 246 316 1735 718">
     <span class='ocr_line' id='line_1_3' title="bbox 250 316 1705 377; baseline 0.001 -15"><span class='ocrx_word' id='word_1_5' title='bbox 250 319 317 362; x_wconf 85' lang='grc' dir='ltr'><strong>καὶ</strong></span> <span class='ocrx_word' id='word_1_6' title='bbox 344 317 489 374; x_wconf 82' lang='grc' dir='ltr'><em>γίνεται</em></span> <span class='ocrx_word' id='word_1_7' title='bbox 518 318 592 376; x_wconf 72' lang='grc' dir='ltr'><em>μὲν</em></span> <span class='ocrx_word' id='word_1_8' title='bbox 624 316 800 376; x_wconf 76' lang='grc' dir='ltr'><em>τράπεζα</em></span> <span class='ocrx_word' id='word_1_9' title='bbox 828 317 932 361; x_wconf 78' lang='grc' dir='ltr'><em>κατὰ</em></span> <span class='ocrx_word' id='word_1_10' title='bbox 960 318 1034 374; x_wconf 85' lang='grc' dir='ltr'><em>τὴν</em></span> <span class='ocrx_word' id='word_1_11' title='bbox 1051 316 1258 377; x_wconf 83' lang='grc' dir='ltr'><em>κυριακήν,</em></span> <span class='ocrx_word' id='word_1_12' title='bbox 1291 323 1366 363; x_wconf 79' lang='grc' dir='ltr'><em>τοῦ</em></span> <span class='ocrx_word' id='word_1_13' title='bbox 1383 316 1559 375; x_wconf 75' lang='grc' dir='ltr'><em>μεγάλου</em></span> <span class='ocrx_word' id='word_1_14' title='bbox 1581 320 1705 373; x_wconf 56' lang='lat' dir='ltr'><strong>‹touc-</strong></span> 
     </span>
     <span class='ocr_line' id='line_1_4' title="bbox 249 381 1704 448; baseline 0.001 -18"><span class='ocrx_word' id='word_1_15' title='bbox 249 388 385 430; x_wconf 87' lang='grc' dir='ltr'><em>στίκου</em></span> <span class='ocrx_word' id='word_1_16' title='bbox 404 385 695 444; x_wconf 74' lang='grc' dir='ltr'><em>ὑπηρετοῦντος</em></span> <span class='ocrx_word' id='word_1_17' title='bbox 711 389 778 429; x_wconf 85' lang='grc' dir='ltr'><strong>καὶ</strong></span> <span class='ocrx_word' id='word_1_18' title='bbox 797 381 852 429; x_wconf 80' lang='grc' dir='ltr'><em>ὧν</em></span> <span class='ocrx_word' id='word_1_19' title='bbox 870 387 1051 442; x_wconf 78' lang='grc' dir='ltr'><em>εἴπομεν·</em></span> <span class='ocrx_word' id='word_1_20' title='bbox 1085 389 1127 430; x_wconf 79' lang='grc' dir='ltr'><em>ἔν</em></span> <span class='ocrx_word' id='word_1_21' title='bbox 1146 389 1191 431; x_wconf 80' lang='grc' dir='ltr'><strong>δὲ</strong></span> <span class='ocrx_word' id='word_1_22' title='bbox 1209 393 1260 446; x_wconf 84' lang='grc' dir='ltr'><strong>τῇ</strong></span> <span class='ocrx_word' id='word_1_23' title='bbox 1281 393 1353 430; x_wconf 83' lang='grc' dir='ltr'><em>τοῦ</em></span> <span class='ocrx_word' id='word_1_24' title='bbox 1374 387 1580 445; x_wconf 71' lang='grc' dir='ltr'><em>ἱσπερινοῦ</em></span> <span class='ocrx_word' id='word_1_25' title='bbox 1601 386 1704 448; x_wconf 77' lang='grc' dir='ltr'><em>ὥρᾳ,</em></span> 
     </span>
     <span class='ocr_line' id='line_1_5' title="bbox 250 454 1700 514; baseline 0.001 -17"><span class='ocrx_word' id='word_1_26' title='bbox 250 458 284 498; x_wconf 74' lang='grc' dir='ltr'><strong>εἶ</strong></span> <span class='ocrx_word' id='word_1_27' title='bbox 303 457 376 510; x_wconf 76' lang='grc' dir='ltr'><em>μὲν</em></span> <span class='ocrx_word' id='word_1_28' title='bbox 398 454 619 513; x_wconf 74' lang='grc' dir='ltr'><em>εὖρίσκεται</em></span> <span class='ocrx_word' id='word_1_29' title='bbox 638 454 912 512; x_wconf 78' lang='grc' dir='ltr'><em>πατριάρχης,</em></span> <span class='ocrx_word' id='word_1_30' title='bbox 947 456 1160 513; x_wconf 75' lang='grc' dir='ltr'><em>ἀπέρχεται</em></span> <span class='ocrx_word' id='word_1_31' title='bbox 1187 459 1243 507; x_wconf 76' lang='grc' dir='ltr'><em>εἷς</em></span> <span class='ocrx_word' id='word_1_32' title='bbox 1267 457 1340 511; x_wconf 86' lang='grc' dir='ltr'><em>τὴν</em></span> <span class='ocrx_word' id='word_1_33' title='bbox 1362 455 1479 512; x_wconf 80' lang='grc' dir='ltr'><em>ἆγίαν</em></span> <span class='ocrx_word' id='word_1_34' title='bbox 1498 457 1656 514; x_wconf 79' lang='grc' dir='ltr'><em>Σοφίαν</em></span> <span class='ocrx_word' id='word_1_35' title='bbox 1677 454 1700 499; x_wconf 80' lang='grc' dir='ltr'><strong><em>ὃ</em></strong></span> 
     </span>
     <span class='ocr_line' id='line_1_6' title="bbox 248 522 1702 581; baseline 0.001 -15"><span class='ocrx_word' id='word_1_36' title='bbox 248 522 459 578; x_wconf 74' lang='grc' dir='ltr'><em>βασιλεύς,</em></span> <span class='ocrx_word' id='word_1_37' title='bbox 493 527 560 567; x_wconf 85' lang='grc' dir='ltr'><strong>καὶ</strong></span> <span class='ocrx_word' id='word_1_38' title='bbox 582 523 718 567; x_wconf 74' lang='grc' dir='ltr'><em>ἀκούει</em></span> <span class='ocrx_word' id='word_1_39' title='bbox 735 524 836 581; x_wconf 74' lang='grc' dir='ltr'><em>παρ’</em></span> <span class='ocrx_word' id='word_1_40' title='bbox 862 523 987 567; x_wconf 73' lang='grc' dir='ltr'><em>αὐτοῦ</em></span> <span class='ocrx_word' id='word_1_41' title='bbox 1006 524 1079 575; x_wconf 80' lang='grc' dir='ltr'><em>τὰς</em></span> <span class='ocrx_word' id='word_1_42' title='bbox 1101 529 1174 568; x_wconf 80' lang='grc' dir='ltr'><em>τοῦ</em></span> <span class='ocrx_word' id='word_1_43' title='bbox 1199 524 1377 581; x_wconf 79' lang='grc' dir='ltr'><em>μεγάλου</em></span> <span class='ocrx_word' id='word_1_44' title='bbox 1398 526 1613 568; x_wconf 77' lang='grc' dir='ltr'><em>Βασιλείου</em></span> <span class='ocrx_word' id='word_1_45' title='bbox 1634 525 1702 567; x_wconf 78' lang='grc' dir='ltr'><em>εὖ.-</em></span> 
     </span>
     <span class='ocr_line' id='line_1_7' title="bbox 246 588 1735 653; baseline -0.001 -19"><span class='ocrx_word' id='word_1_46' title='bbox 246 593 326 646; x_wconf 83' lang='grc' dir='ltr'><em>χὰς</em></span> <span class='ocrx_word' id='word_1_47' title='bbox 355 593 522 647; x_wconf 80' lang='grc' dir='ltr'><em>πλησίον</em></span> <span class='ocrx_word' id='word_1_48' title='bbox 551 597 623 636; x_wconf 81' lang='grc' dir='ltr'><em>τοῦ</em></span> <span class='ocrx_word' id='word_1_49' title='bbox 649 594 899 635; x_wconf 80' lang='grc' dir='ltr'><em>διακονικοῧ·</em></span> <span class='ocrx_word' id='word_1_50' title='bbox 935 595 969 636; x_wconf 73' lang='grc' dir='ltr'><strong>εἰ</strong></span> <span class='ocrx_word' id='word_1_51' title='bbox 989 593 1030 636; x_wconf 81' lang='lat'><strong>‹5‘</strong></span> <span class='ocrx_word' id='word_1_52' title='bbox 1055 588 1138 646; x_wconf 73' lang='grc' dir='ltr'><em>οὖν,</em></span> <span class='ocrx_word' id='word_1_53' title='bbox 1165 595 1207 637; x_wconf 76' lang='grc' dir='ltr'><em>ἐν</em></span> <span class='ocrx_word' id='word_1_54' title='bbox 1223 598 1281 652; x_wconf 73' lang='grc' dir='ltr'><strong>τῷ</strong></span> <span class='ocrx_word' id='word_1_55' title='bbox 1297 594 1479 653; x_wconf 75' lang='grc' dir='ltr'><em>παλατίῳ</em></span> <span class='ocrx_word' id='word_1_56' title='bbox 1497 593 1610 651; x_wconf 79' lang='grc' dir='ltr'><em>παρὰ</em></span> <span class='ocrx_word' id='word_1_57' title='bbox 1628 597 1735 637; x_wconf 78' lang='grc' dir='ltr'><strong>τοῦὄ</strong></span> 
     </span>
     <span class='ocr_line' id='line_1_8' title="bbox 250 665 516 718; baseline 0.004 -16"><span class='ocrx_word' id='word_1_58' title='bbox 250 665 516 718; x_wconf 78' lang='grc' dir='ltr'><em>πρωτοπαπᾶ.</em></span> 
     </span>
    </p>

    <p class='ocr_par' dir='ltr' id='par_1_4' title="bbox 198 725 1760 1114">
     <span class='ocr_line' id='line_1_9' title="bbox 198 725 1704 787; baseline -0.001 -14"><span class='ocrx_word' id='word_1_59' title='bbox 198 738 229 773; x_wconf 82' lang='lat' dir='ltr'>c</span> <span class='ocrx_word' id='word_1_60' title='bbox 383 730 451 771; x_wconf 88' lang='grc' dir='ltr'><em>Ἔν</em></span> <span class='ocrx_word' id='word_1_61' title='bbox 472 734 523 787; x_wconf 84' lang='grc' dir='ltr'><strong>τῇ</strong></span> <span class='ocrx_word' id='word_1_62' title='bbox 541 733 614 785; x_wconf 82' lang='grc' dir='ltr'><em>τῆς</em></span> <span class='ocrx_word' id='word_1_63' title='bbox 630 726 829 784; x_wconf 76' lang='grc' dir='ltr'><em>ὖψώσεως</em></span> <span class='ocrx_word' id='word_1_64' title='bbox 856 732 928 772; x_wconf 83' lang='grc' dir='ltr'><em>τοῦ</em></span> <span class='ocrx_word' id='word_1_65' title='bbox 951 733 1129 785; x_wconf 83' lang='grc' dir='ltr'><em>σταυροῦ</em></span> <span class='ocrx_word' id='word_1_66' title='bbox 1161 727 1281 785; x_wconf 74' lang='grc' dir='ltr'><em>ἑορτῇ</em></span> <span class='ocrx_word' id='word_1_67' title='bbox 1308 729 1455 785; x_wconf 66' lang='grc' dir='ltr'><em>γίνεται</em></span> <span class='ocrx_word' id='word_1_68' title='bbox 1482 727 1552 771; x_wconf 77' lang='grc' dir='ltr'><em>διὰ</em></span> <span class='ocrx_word' id='word_1_69' title='bbox 1575 725 1704 779; x_wconf 74' lang='grc' dir='ltr'><em>ξύλων</em></span> 
     </span>
     <span class='ocr_line' id='line_1_10' title="bbox 253 795 1705 856; baseline 0.001 -18"><span class='ocrx_word' id='word_1_70' title='bbox 253 795 474 854; x_wconf 75' lang='grc' dir='ltr'><em>ἀναβάθρα</em></span> <span class='ocrx_word' id='word_1_71' title='bbox 497 799 539 841; x_wconf 79' lang='grc' dir='ltr'><em>ἕν</em></span> <span class='ocrx_word' id='word_1_72' title='bbox 555 801 615 856; x_wconf 78' lang='grc' dir='ltr'><strong>τῷ</strong></span> <span class='ocrx_word' id='word_1_73' title='bbox 639 798 846 856; x_wconf 80' lang='grc' dir='ltr'><em>τρικλίνῳ,</em></span> <span class='ocrx_word' id='word_1_74' title='bbox 875 796 924 852; x_wconf 78' lang='grc' dir='ltr'><em>ἢν</em></span> <span class='ocrx_word' id='word_1_75' title='bbox 943 799 1010 839; x_wconf 85' lang='grc' dir='ltr'><strong>καὶ</strong></span> <span class='ocrx_word' id='word_1_76' title='bbox 1030 796 1235 841; x_wconf 69' lang='grc' dir='ltr'><em>ἐνδύνουσι</em></span> <span class='ocrx_word' id='word_1_77' title='bbox 1253 799 1408 856; x_wconf 80' lang='grc' dir='ltr'><em>βλατίῳ</em></span> <span class='ocrx_word' id='word_1_78' title='bbox 1433 798 1616 855; x_wconf 81' lang='grc' dir='ltr'><em>κοκκίνῳ.</em></span> <span class='ocrx_word' id='word_1_79' title='bbox 1680 795 1705 839; x_wconf 79' lang='grc' dir='ltr'><em>ὃ</em></span> 
     </span>
     <span class='ocr_line' id='line_1_11' title="bbox 252 862 1706 923; baseline 0.001 -17"><span class='ocrx_word' id='word_1_80' title='bbox 252 864 503 923; x_wconf 82' lang='grc' dir='ltr'><em>πατριάρχης</em></span> <span class='ocrx_word' id='word_1_81' title='bbox 521 862 590 909; x_wconf 72' lang='grc' dir='ltr'><strong>οὖν</strong></span> <span class='ocrx_word' id='word_1_82' title='bbox 610 866 792 909; x_wconf 74' lang='grc' dir='ltr'><em>ἀνελθών</em></span> <span class='ocrx_word' id='word_1_83' title='bbox 813 865 879 908; x_wconf 73' lang='grc' dir='ltr'><strong>ἐπ’</strong></span> <span class='ocrx_word' id='word_1_84' title='bbox 903 867 1039 921; x_wconf 79' lang='grc' dir='ltr'><em>αὐτῆς,</em></span> <span class='ocrx_word' id='word_1_85' title='bbox 1074 868 1109 908; x_wconf 77' lang='grc' dir='ltr'><strong>εἰ</strong></span> <span class='ocrx_word' id='word_1_86' title='bbox 1129 866 1211 922; x_wconf 79' lang='grc' dir='ltr'><strong>ἄρα</strong></span> <span class='ocrx_word' id='word_1_87' title='bbox 1234 864 1469 923; x_wconf 77' lang='grc' dir='ltr'><em>εὖρίσκεται,</em></span> <span class='ocrx_word' id='word_1_88' title='bbox 1502 863 1531 920; x_wconf 77' lang='grc' dir='ltr'><em>ἥ</em></span> <span class='ocrx_word' id='word_1_89' title='bbox 1547 882 1609 916; x_wconf 86' lang='grc' dir='ltr'><strong>τις</strong></span> <span class='ocrx_word' id='word_1_90' title='bbox 1623 868 1706 907; x_wconf 79' lang='grc' dir='ltr'><em>τῶν</em></span> 
     </span>
     <span class='ocr_line' id='line_1_12' title="bbox 255 929 1760 992; baseline -0.001 -17"><span class='ocrx_word' id='word_1_91' title='bbox 255 932 400 990; x_wconf 70' lang='grc' dir='ltr'><em>ἑτέρων</em></span> <span class='ocrx_word' id='word_1_92' title='bbox 419 939 689 992; x_wconf 82' lang='grc' dir='ltr'><em>πατριαρχῶν,</em></span> <span class='ocrx_word' id='word_1_93' title='bbox 717 934 787 977; x_wconf 76' lang='grc' dir='ltr'><em>ἐὰν</em></span> <span class='ocrx_word' id='word_1_94' title='bbox 807 935 990 989; x_wconf 72' lang='grc' dir='ltr'><em>ἐκδημῶν</em></span> <span class='ocrx_word' id='word_1_95' title='bbox 1008 929 1056 991; x_wconf 83' lang='grc' dir='ltr'><strong>ᾖ,</strong></span> <span class='ocrx_word' id='word_1_96' title='bbox 1082 936 1155 990; x_wconf 89' lang='grc' dir='ltr'><em>τὴν</em></span> <span class='ocrx_word' id='word_1_97' title='bbox 1174 939 1246 977; x_wconf 84' lang='grc' dir='ltr'><em>τοῦ</em></span> <span class='ocrx_word' id='word_1_98' title='bbox 1263 939 1443 992; x_wconf 81' lang='grc' dir='ltr'><em>σταυροῦ</em></span> <span class='ocrx_word' id='word_1_99' title='bbox 1458 940 1568 976; x_wconf 77' lang='grc' dir='ltr'><em>ποιεῖ</em></span> <span class='ocrx_word' id='word_1_100' title='bbox 1581 931 1703 987; x_wconf 75' lang='grc' dir='ltr'><em>ῧψω-</em></span> <span class='ocrx_word' id='word_1_101' title='bbox 1715 936 1760 973; x_wconf 88' lang='grc'><strong>10</strong></span> 
     </span>
     <span class='ocr_line' id='line_1_13' title="bbox 254 1001 1713 1060; baseline 0.001 -18"><span class='ocrx_word' id='word_1_102' title='bbox 254 1020 331 1043; x_wconf 89' lang='grc' dir='ltr'><em>σιν.</em></span> <span class='ocrx_word' id='word_1_103' title='bbox 402 1004 471 1046; x_wconf 74' lang='grc' dir='ltr'><strong>ἐὰν</strong></span> <span class='ocrx_word' id='word_1_104' title='bbox 508 1005 554 1046; x_wconf 75' lang='grc' dir='ltr'><strong>δὲ</strong></span> <span class='ocrx_word' id='word_1_105' title='bbox 591 1001 744 1046; x_wconf 76' lang='grc' dir='ltr'><em>τούτων</em></span> <span class='ocrx_word' id='word_1_106' title='bbox 783 1003 915 1054; x_wconf 77' lang='grc' dir='ltr'><em>οὐδεὶς</em></span> <span class='ocrx_word' id='word_1_107' title='bbox 947 1001 1168 1060; x_wconf 73' lang='grc' dir='ltr'><em>εὑρίσκεται</em></span> <span class='ocrx_word' id='word_1_108' title='bbox 1176 1034 1190 1055; x_wconf 90' lang='grc'><em>,</em></span> <span class='ocrx_word' id='word_1_109' title='bbox 1241 1001 1264 1046; x_wconf 83' lang='grc' dir='ltr'>ὁ</span> <span class='ocrx_word' id='word_1_110' title='bbox 1294 1006 1570 1060; x_wconf 82' lang='grc' dir='ltr'><em>πρωτοπαπᾶς</em></span> <span class='ocrx_word' id='word_1_111' title='bbox 1603 1006 1713 1044; x_wconf 74' lang='grc' dir='ltr'><em>ποιεῖ</em></span> 
     </span>
     <span class='ocr_line' id='line_1_14' title="bbox 253 1074 386 1114; baseline 0 -1"><span class='ocrx_word' id='word_1_112' title='bbox 253 1074 386 1114; x_wconf 79' lang='grc' dir='ltr'><em>τοῦτο.</em></span> 
     </span>
    </p>

    <p class='ocr_par' dir='ltr' id='par_1_5' title="bbox 248 1136 1760 1402">
     <span class='ocr_line' id='line_1_15' title="bbox 387 1136 1707 1195; baseline -0.001 -14"><span class='ocrx_word' id='word_1_113' title='bbox 387 1139 471 1181; x_wconf 75' lang='grc' dir='ltr'><strong>Δεῖ</strong></span> <span class='ocrx_word' id='word_1_114' title='bbox 493 1139 537 1181; x_wconf 76' lang='grc' dir='ltr'><strong>δὲ</strong></span> <span class='ocrx_word' id='word_1_115' title='bbox 565 1136 770 1194; x_wconf 76' lang='grc' dir='ltr'><em>γινώσκειν</em></span> <span class='ocrx_word' id='word_1_116' title='bbox 799 1137 861 1182; x_wconf 80' lang='grc' dir='ltr'><em>ὅτι</em></span> <span class='ocrx_word' id='word_1_117' title='bbox 892 1137 995 1181; x_wconf 79' lang='grc' dir='ltr'><em>κατὰ</em></span> <span class='ocrx_word' id='word_1_118' title='bbox 1028 1139 1102 1190; x_wconf 79' lang='grc' dir='ltr'><em>τὰς</em></span> <span class='ocrx_word' id='word_1_119' title='bbox 1121 1142 1202 1182; x_wconf 80' lang='grc' dir='ltr'><em>τῶν</em></span> <span class='ocrx_word' id='word_1_120' title='bbox 1221 1142 1358 1195; x_wconf 80' lang='grc' dir='ltr'><em>μηνῶν</em></span> <span class='ocrx_word' id='word_1_121' title='bbox 1378 1136 1557 1182; x_wconf 71' lang='grc' dir='ltr'><em>ἑκάστων</em></span> <span class='ocrx_word' id='word_1_122' title='bbox 1576 1136 1707 1195; x_wconf 79' lang='grc' dir='ltr'><em>ἀρχὰς</em></span> 
     </span>
     <span class='ocr_line' id='line_1_16' title="bbox 249 1205 1705 1266; baseline 0 -18"><span class='ocrx_word' id='word_1_123' title='bbox 249 1208 397 1263; x_wconf 79' lang='grc' dir='ltr'><em>γίνεται</em></span> <span class='ocrx_word' id='word_1_124' title='bbox 425 1205 626 1262; x_wconf 81' lang='grc' dir='ltr'><em>ἁγιασμὸς</em></span> <span class='ocrx_word' id='word_1_125' title='bbox 654 1210 695 1250; x_wconf 77' lang='grc' dir='ltr'><em>ἐν</em></span> <span class='ocrx_word' id='word_1_126' title='bbox 721 1212 778 1266; x_wconf 77' lang='grc' dir='ltr'><strong>τῷ</strong></span> <span class='ocrx_word' id='word_1_127' title='bbox 808 1208 1013 1265; x_wconf 46' lang='grc' dir='ltr'><em>παλατιίιο,</em></span> <span class='ocrx_word' id='word_1_128' title='bbox 1057 1207 1151 1250; x_wconf 78' lang='grc' dir='ltr'><em>ἄνευ</em></span> <span class='ocrx_word' id='word_1_129' title='bbox 1178 1206 1304 1262; x_wconf 84' lang='grc' dir='ltr'><em>μόνου</em></span> <span class='ocrx_word' id='word_1_130' title='bbox 1329 1212 1402 1251; x_wconf 83' lang='grc' dir='ltr'><strong><em>τοῦ</em></strong></span> <span class='ocrx_word' id='word_1_131' title='bbox 1429 1207 1705 1263; x_wconf 79' lang='grc' dir='ltr'><em>Σεπτεμβρίου</em></span> 
     </span>
     <span class='ocr_line' id='line_1_17' title="bbox 248 1274 1760 1333; baseline -0.001 -15"><span class='ocrx_word' id='word_1_132' title='bbox 248 1277 317 1318; x_wconf 84' lang='grc' dir='ltr'><strong>καὶ</strong></span> <span class='ocrx_word' id='word_1_133' title='bbox 340 1281 410 1318; x_wconf 81' lang='grc' dir='ltr'><em>τοῦ</em></span> <span class='ocrx_word' id='word_1_134' title='bbox 436 1276 705 1333; x_wconf 83' lang='grc' dir='ltr'><em>Ἰανουαριόυ·</em></span> <span class='ocrx_word' id='word_1_135' title='bbox 740 1275 844 1318; x_wconf 79' lang='grc' dir='ltr'><em>κατὰ</em></span> <span class='ocrx_word' id='word_1_136' title='bbox 869 1275 945 1332; x_wconf 77' lang='grc' dir='ltr'><strong>γὰρ</strong></span> <span class='ocrx_word' id='word_1_137' title='bbox 972 1274 1140 1327; x_wconf 80' lang='grc' dir='ltr'><em>τούτους</em></span> <span class='ocrx_word' id='word_1_138' title='bbox 1163 1281 1238 1320; x_wconf 85' lang='grc' dir='ltr'><em>τοῦ</em></span> <span class='ocrx_word' id='word_1_139' title='bbox 1258 1276 1332 1331; x_wconf 76' lang='grc' dir='ltr'><em>μὲν</em></span> <span class='ocrx_word' id='word_1_140' title='bbox 1350 1275 1392 1319; x_wconf 74' lang='grc' dir='ltr'><em>ἐν</em></span> <span class='ocrx_word' id='word_1_141' title='bbox 1411 1281 1462 1333; x_wconf 86' lang='grc' dir='ltr'><strong>τῇ</strong></span> <span class='ocrx_word' id='word_1_142' title='bbox 1487 1291 1704 1332; x_wconf 75' lang='grc' dir='ltr'><em>τεσσαρεσ-</em></span> <span class='ocrx_word' id='word_1_143' title='bbox 1715 1277 1760 1316; x_wconf 82' lang='grc'><strong>15</strong></span> 
     </span>
     <span class='ocr_line' id='line_1_18' title="bbox 248 1342 1707 1402; baseline -0.001 -16"><span class='ocrx_word' id='word_1_144' title='bbox 248 1343 487 1401; x_wconf 75' lang='grc' dir='ltr'><em>καιδεκάτῃ,</em></span> <span class='ocrx_word' id='word_1_145' title='bbox 539 1349 612 1387; x_wconf 83' lang='grc' dir='ltr'><em>τοῦ</em></span> <span class='ocrx_word' id='word_1_146' title='bbox 646 1345 691 1387; x_wconf 80' lang='grc' dir='ltr'><strong>δὲ</strong></span> <span class='ocrx_word' id='word_1_147' title='bbox 722 1344 764 1387; x_wconf 78' lang='grc' dir='ltr'><em>ἒν</em></span> <span class='ocrx_word' id='word_1_148' title='bbox 794 1349 843 1402; x_wconf 83' lang='grc' dir='ltr'><strong>τῇ</strong></span> <span class='ocrx_word' id='word_1_149' title='bbox 875 1345 966 1401; x_wconf 65' lang='grc' dir='ltr'><em>ἕκτῃ</em></span> <span class='ocrx_word' id='word_1_150' title='bbox 996 1346 1157 1400; x_wconf 80' lang='grc' dir='ltr'><em>γίνεται.</em></span> <span class='ocrx_word' id='word_1_151' title='bbox 1229 1346 1377 1401; x_wconf 78' lang='grc' dir='ltr'><em>γίνεται</em></span> <span class='ocrx_word' id='word_1_152' title='bbox 1398 1343 1483 1387; x_wconf 78' lang='grc' dir='ltr'><strong>ὃὲὸ</strong></span> <span class='ocrx_word' id='word_1_153' title='bbox 1508 1342 1707 1400; x_wconf 74' lang='grc' dir='ltr'><em>ἁγιασμὸς</em></span> 
     </span>
    </p>

    <p class='ocr_par' dir='ltr' id='par_1_6' title="bbox 195 1411 1762 1878">
     <span class='ocr_line' id='line_1_19' title="bbox 195 1411 1707 1470; baseline -0.001 -15"><span class='ocrx_word' id='word_1_154' title='bbox 195 1422 227 1456; x_wconf 92' lang='lat' dir='ltr'>D</span> <span class='ocrx_word' id='word_1_155' title='bbox 252 1411 391 1463; x_wconf 73' lang='grc' dir='ltr'><em>οὕτως.</em></span> <span class='ocrx_word' id='word_1_156' title='bbox 459 1417 532 1455; x_wconf 82' lang='grc' dir='ltr'><em>τοῦ</em></span> <span class='ocrx_word' id='word_1_157' title='bbox 558 1413 760 1466; x_wconf 69' lang='grc' dir='ltr'><em>βασιλέως</em></span> <span class='ocrx_word' id='word_1_158' title='bbox 794 1416 850 1464; x_wconf 68' lang='grc' dir='ltr'><strong>εἷς</strong></span> <span class='ocrx_word' id='word_1_159' title='bbox 881 1413 954 1468; x_wconf 83' lang='grc' dir='ltr'><em>τὴν</em></span> <span class='ocrx_word' id='word_1_160' title='bbox 983 1412 1237 1470; x_wconf 82' lang='grc' dir='ltr'><em>παράστασιν</em></span> <span class='ocrx_word' id='word_1_161' title='bbox 1267 1413 1480 1467; x_wconf 73' lang='grc' dir='ltr'><em>ἱσταμένου</em></span> <span class='ocrx_word' id='word_1_162' title='bbox 1505 1411 1707 1468; x_wconf 77' lang='grc' dir='ltr'><em>ψάλλεται</em></span> 
     </span>
     <span class='ocr_line' id='line_1_20' title="bbox 247 1479 1705 1538; baseline -0.001 -15"><span class='ocrx_word' id='word_1_163' title='bbox 247 1480 329 1531; x_wconf 66' lang='grc' dir='ltr'><strong>ἔξω</strong></span> <span class='ocrx_word' id='word_1_164' title='bbox 362 1482 452 1538; x_wconf 77' lang='grc' dir='ltr'><em>περὶ</em></span> <span class='ocrx_word' id='word_1_165' title='bbox 485 1480 537 1523; x_wconf 81' lang='grc' dir='ltr'><strong>τὰ</strong></span> <span class='ocrx_word' id='word_1_166' title='bbox 567 1479 760 1538; x_wconf 62' lang='grc' dir='ltr'><em>πρόθυρα</em></span> <span class='ocrx_word' id='word_1_167' title='bbox 793 1485 867 1524; x_wconf 81' lang='grc' dir='ltr'><em>τοῦ</em></span> <span class='ocrx_word' id='word_1_168' title='bbox 895 1483 1095 1538; x_wconf 85' lang='grc' dir='ltr'><em>τρικλίνου</em></span> <span class='ocrx_word' id='word_1_169' title='bbox 1129 1482 1174 1524; x_wconf 86' lang='grc' dir='ltr'><strong>τὸ</strong></span> <span class='ocrx_word' id='word_1_170' title='bbox 1204 1482 1408 1524; x_wconf 74' lang='grc' dir='ltr'><em>ἐπίλοιπον</em></span> <span class='ocrx_word' id='word_1_171' title='bbox 1439 1486 1511 1523; x_wconf 84' lang='grc' dir='ltr'><em>τοῦ</em></span> <span class='ocrx_word' id='word_1_172' title='bbox 1533 1479 1705 1538; x_wconf 71' lang='grc' dir='ltr'><em>ὄρθρου,</em></span> 
     </span>
     <span class='ocr_line' id='line_1_21' title="bbox 248 1546 1707 1605; baseline -0.001 -14"><span class='ocrx_word' id='word_1_173' title='bbox 248 1548 332 1591; x_wconf 73' lang='grc' dir='ltr'><em>εἶτα</em></span> <span class='ocrx_word' id='word_1_174' title='bbox 350 1548 610 1603; x_wconf 79' lang='grc' dir='ltr'><em>συναμμένως</em></span> <span class='ocrx_word' id='word_1_175' title='bbox 629 1548 655 1604; x_wconf 76' lang='grc' dir='ltr'>ἦ</span> <span class='ocrx_word' id='word_1_176' title='bbox 677 1549 905 1591; x_wconf 73' lang='grc' dir='ltr'><em>ἀκολουθία</em></span> <span class='ocrx_word' id='word_1_177' title='bbox 924 1554 996 1592; x_wconf 84' lang='grc' dir='ltr'><em>τοῦ</em></span> <span class='ocrx_word' id='word_1_178' title='bbox 1018 1548 1234 1605; x_wconf 81' lang='grc' dir='ltr'><em>ἆγιασμοῧ.</em></span> <span class='ocrx_word' id='word_1_179' title='bbox 1303 1551 1370 1592; x_wconf 85' lang='grc' dir='ltr'><strong>καὶ</strong></span> <span class='ocrx_word' id='word_1_180' title='bbox 1387 1549 1491 1603; x_wconf 77' lang='grc' dir='ltr'><em>μετὰ</em></span> <span class='ocrx_word' id='word_1_181' title='bbox 1510 1548 1582 1604; x_wconf 83' lang='grc' dir='ltr'><em>τὴν</em></span> <span class='ocrx_word' id='word_1_182' title='bbox 1602 1546 1707 1590; x_wconf 80' lang='grc' dir='ltr'><em>ἀπό-</em></span> 
     </span>
     <span class='ocr_line' id='line_1_22' title="bbox 248 1613 1762 1674; baseline -0.001 -15"><span class='ocrx_word' id='word_1_183' title='bbox 248 1622 362 1660; x_wconf 82' lang='grc' dir='ltr'><em>λυσιν</em></span> <span class='ocrx_word' id='word_1_184' title='bbox 383 1617 539 1674; x_wconf 66' lang='grc' dir='ltr'><em>ἔρχεται</em></span> <span class='ocrx_word' id='word_1_185' title='bbox 570 1616 591 1659; x_wconf 83' lang='grc' dir='ltr'><strong><em>ὃ</em></strong></span> <span class='ocrx_word' id='word_1_186' title='bbox 622 1622 896 1674; x_wconf 82' lang='grc' dir='ltr'><em>πρωτοπαπᾶς</em></span> <span class='ocrx_word' id='word_1_187' title='bbox 917 1619 984 1659; x_wconf 84' lang='grc' dir='ltr'><strong>καὶ</strong></span> <span class='ocrx_word' id='word_1_188' title='bbox 1007 1619 1049 1660; x_wconf 74' lang='grc' dir='ltr'><em>ἐκ</em></span> <span class='ocrx_word' id='word_1_189' title='bbox 1073 1619 1250 1674; x_wconf 85' lang='grc' dir='ltr'><em>πλαγίων</em></span> <span class='ocrx_word' id='word_1_190' title='bbox 1269 1617 1394 1661; x_wconf 75' lang='grc' dir='ltr'><em>αὐτοῦ</em></span> <span class='ocrx_word' id='word_1_191' title='bbox 1414 1615 1437 1660; x_wconf 82' lang='grc' dir='ltr'>ὅ</span> <span class='ocrx_word' id='word_1_192' title='bbox 1454 1634 1495 1660; x_wconf 82' lang='grc' dir='ltr'><strong>τε</strong></span> <span class='ocrx_word' id='word_1_193' title='bbox 1517 1613 1762 1674; x_wconf 72' lang='grc' dir='ltr'><em>ἀρχιῦιά-ΞΟ</em></span> 
     </span>
     <span class='ocr_line' id='line_1_23' title="bbox 249 1683 1706 1744; baseline -0.001 -17"><span class='ocrx_word' id='word_1_194' title='bbox 249 1703 366 1736; x_wconf 86' lang='grc' dir='ltr'><em>κονος</em></span> <span class='ocrx_word' id='word_1_195' title='bbox 386 1688 453 1728; x_wconf 85' lang='grc' dir='ltr'><strong>καὶ</strong></span> <span class='ocrx_word' id='word_1_196' title='bbox 472 1684 493 1727; x_wconf 83' lang='grc' dir='ltr'><em>ὃ</em></span> <span class='ocrx_word' id='word_1_197' title='bbox 515 1684 835 1742; x_wconf 77' lang='grc' dir='ltr'><em>πρωτοψάλτης,</em></span> <span class='ocrx_word' id='word_1_198' title='bbox 873 1688 908 1728; x_wconf 75' lang='grc' dir='ltr'><strong>εἷ</strong></span> <span class='ocrx_word' id='word_1_199' title='bbox 932 1683 1135 1743; x_wconf 78' lang='grc' dir='ltr'><em>πάρεστιν,</em></span> <span class='ocrx_word' id='word_1_200' title='bbox 1163 1685 1191 1742; x_wconf 78' lang='grc' dir='ltr'><em>ἢ</em></span> <span class='ocrx_word' id='word_1_201' title='bbox 1209 1683 1342 1744; x_wconf 67' lang='grc' dir='ltr'><em>ἕτερός</em></span> <span class='ocrx_word' id='word_1_202' title='bbox 1359 1703 1420 1737; x_wconf 87' lang='grc' dir='ltr'><strong>τις</strong></span> <span class='ocrx_word' id='word_1_203' title='bbox 1436 1690 1516 1729; x_wconf 84' lang='grc' dir='ltr'><em>τῶν</em></span> <span class='ocrx_word' id='word_1_204' title='bbox 1536 1684 1706 1740; x_wconf 74' lang='grc' dir='ltr'><em>ἐχόντων</em></span> 
     </span>
     <span class='ocr_line' id='line_1_24' title="bbox 250 1751 1704 1812; baseline -0.001 -16"><span class='ocrx_word' id='word_1_205' title='bbox 250 1755 454 1811; x_wconf 72' lang='grc' dir='ltr'><em>ὀφφίκιον,</em></span> <span class='ocrx_word' id='word_1_206' title='bbox 491 1754 624 1811; x_wconf 74' lang='grc' dir='ltr'><em>φέρων</em></span> <span class='ocrx_word' id='word_1_207' title='bbox 646 1752 666 1796; x_wconf 85' lang='grc' dir='ltr'><strong>ὅ</strong></span> <span class='ocrx_word' id='word_1_208' title='bbox 689 1755 762 1808; x_wconf 76' lang='grc' dir='ltr'><em>μὲν</em></span> <span class='ocrx_word' id='word_1_209' title='bbox 786 1752 1067 1811; x_wconf 79' lang='grc' dir='ltr'><em>ἀρχιδιάκονος</em></span> <span class='ocrx_word' id='word_1_210' title='bbox 1085 1755 1155 1798; x_wconf 85' lang='grc' dir='ltr'><em>τὸν</em></span> <span class='ocrx_word' id='word_1_211' title='bbox 1174 1753 1362 1812; x_wconf 87' lang='grc' dir='ltr'><em>σταυρόν,</em></span> <span class='ocrx_word' id='word_1_212' title='bbox 1390 1752 1412 1797; x_wconf 82' lang='grc' dir='ltr'><strong>ὃ</strong></span> <span class='ocrx_word' id='word_1_213' title='bbox 1434 1755 1480 1797; x_wconf 75' lang='grc' dir='ltr'><strong>δὲ</strong></span> <span class='ocrx_word' id='word_1_214' title='bbox 1500 1758 1642 1804; x_wconf 80' lang='grc' dir='ltr'><em>σκεῦος</em></span> <span class='ocrx_word' id='word_1_215' title='bbox 1658 1751 1704 1796; x_wconf 84' lang='grc' dir='ltr'><strong>τὸ</strong></span> 
     </span>
     <span class='ocr_line' id='line_1_25' title="bbox 251 1819 1706 1878; baseline -0.001 -13"><span class='ocrx_word' id='word_1_216' title='bbox 251 1828 393 1873; x_wconf 78' lang='grc' dir='ltr'><em>κοινῶς</em></span> <span class='ocrx_word' id='word_1_217' title='bbox 425 1822 530 1864; x_wconf 81' lang='grc' dir='ltr'><em>οὕτω</em></span> <span class='ocrx_word' id='word_1_218' title='bbox 561 1821 808 1877; x_wconf 78' lang='grc' dir='ltr'><em>καλούμενον</em></span> <span class='ocrx_word' id='word_1_219' title='bbox 844 1825 1056 1877; x_wconf 65' lang='grc' dir='ltr'><em>οἴνοχεΐον,</em></span> <span class='ocrx_word' id='word_1_220' title='bbox 1103 1822 1313 1866; x_wconf 74' lang='grc' dir='ltr'><em>κωθώνιον</em></span> <span class='ocrx_word' id='word_1_221' title='bbox 1343 1822 1434 1878; x_wconf 48' lang='grc' dir='ltr'><em>ἔχον</em></span> <span class='ocrx_word' id='word_1_222' title='bbox 1464 1821 1576 1872; x_wconf 68' lang='grc' dir='ltr'><em>ἐντὸς</em></span> <span class='ocrx_word' id='word_1_223' title='bbox 1603 1819 1706 1876; x_wconf 76' lang='grc' dir='ltr'><em>μετὰ</em></span> 
     </span>
    </p>

    <p class='ocr_par' dir='ltr' id='par_1_7' title="bbox 342 1913 1705 2007">
     <span class='ocr_line' id='line_1_26' title="bbox 342 1913 1705 1962; baseline -0.001 -9"><span class='ocrx_word' id='word_1_224' title='bbox 342 1919 365 1953; x_wconf 87' lang='grc'>8</span> <span class='ocrx_word' id='word_1_225' title='bbox 387 1916 570 1962; x_wconf 79' lang='grc' dir='ltr'><em>τρικλινίῳ</em></span> <span class='ocrx_word' id='word_1_226' title='bbox 593 1917 622 1951; x_wconf 94' lang='grc' dir='ltr'>Β</span> <span class='ocrx_word' id='word_1_227' title='bbox 785 1913 958 1952; x_wconf 74' lang='grc' dir='ltr'><em>ἐνδύουσι</em></span> <span class='ocrx_word' id='word_1_228' title='bbox 971 1917 1002 1951; x_wconf 91' lang='grc' dir='ltr'><strong>Β</strong></span> <span class='ocrx_word' id='word_1_229' title='bbox 1159 1919 1183 1954; x_wconf 88' lang='grc'><strong>9</strong></span> <span class='ocrx_word' id='word_1_230' title='bbox 1203 1914 1375 1953; x_wconf 70' lang='grc' dir='ltr'><em>ἀνελθών</em></span> <span class='ocrx_word' id='word_1_231' title='bbox 1396 1917 1438 1962; x_wconf 89' lang='grc' dir='ltr'><strong>Α,</strong></span> <span class='ocrx_word' id='word_1_232' title='bbox 1457 1913 1582 1952; x_wconf 74' lang='grc' dir='ltr'><em>ἐλθών</em></span> <span class='ocrx_word' id='word_1_233' title='bbox 1598 1915 1705 1962; x_wconf 86' lang='lat' dir='ltr'><strong>vulgo</strong></span> 
     </span>
     <span class='ocr_line' id='line_1_27' title="bbox 343 1960 658 2007; baseline 0 -9"><span class='ocrx_word' id='word_1_234' title='bbox 343 1964 389 1998; x_wconf 72' lang='lat'><strong>23</strong></span> <span class='ocrx_word' id='word_1_235' title='bbox 410 1960 603 2007; x_wconf 78' lang='grc' dir='ltr'><em>λεγόμενον</em></span> <span class='ocrx_word' id='word_1_236' title='bbox 625 1961 658 1998; x_wconf 80' lang='lat' dir='ltr'>A</span> 
     </span>
    </p>
   </div>
   <div class='ocr_carea' id='block_1_4' title="bbox 247 2041 1722 2913">
    <p class='ocr_par' dir='ltr' id='par_1_8' title="bbox 247 2041 1710 2272">
     <span class='ocr_line' id='line_1_28' title="bbox 250 2041 1710 2090; baseline 0.002 -15"><span class='ocrx_word' id='word_1_237' title='bbox 250 2045 344 2076; x_wconf 82' lang='lat' dir='ltr'><strong>stant</strong></span> <span class='ocrx_word' id='word_1_238' title='bbox 366 2053 449 2085; x_wconf 79' lang='lat' dir='ltr'><strong>sua3</strong></span> <span class='ocrx_word' id='word_1_239' title='bbox 473 2046 508 2077; x_wconf 86' lang='lat' dir='ltr'><strong>et</strong></span> <span class='ocrx_word' id='word_1_240' title='bbox 531 2055 650 2078; x_wconf 79' lang='lat' dir='ltr'><strong>mensa</strong></span> <span class='ocrx_word' id='word_1_241' title='bbox 671 2048 862 2090; x_wconf 82' lang='lat' dir='ltr'><strong>apparatur</strong></span> <span class='ocrx_word' id='word_1_242' title='bbox 884 2045 1007 2088; x_wconf 77' lang='lat' dir='ltr'><strong>utpote</strong></span> <span class='ocrx_word' id='word_1_243' title='bbox 1029 2041 1201 2077; x_wconf 88' lang='lat' dir='ltr'><strong>dominico</strong></span> <span class='ocrx_word' id='word_1_244' title='bbox 1223 2042 1292 2087; x_wconf 87' lang='lat' dir='ltr'><strong>die,</strong></span> <span class='ocrx_word' id='word_1_245' title='bbox 1316 2053 1441 2087; x_wconf 79' lang='lat' dir='ltr'><strong>magno</strong></span> <span class='ocrx_word' id='word_1_246' title='bbox 1461 2042 1652 2078; x_wconf 81' lang='lat' dir='ltr'><strong>domestico</strong></span> <span class='ocrx_word' id='word_1_247' title='bbox 1671 2045 1710 2078; x_wconf 80' lang='lat' dir='ltr'><strong>et</strong></span> 
     </span>
     <span class='ocr_line' id='line_1_29' title="bbox 251 2087 1709 2134; baseline 0.001 -12"><span class='ocrx_word' id='word_1_248' title='bbox 251 2087 351 2131; x_wconf 82' lang='lat' dir='ltr'><strong>aliis,</strong></span> <span class='ocrx_word' id='word_1_249' title='bbox 387 2088 432 2121; x_wconf 87' lang='lat' dir='ltr'><strong>de</strong></span> <span class='ocrx_word' id='word_1_250' title='bbox 455 2089 581 2132; x_wconf 86' lang='lat' dir='ltr'><strong>quibus</strong></span> <span class='ocrx_word' id='word_1_251' title='bbox 604 2089 773 2133; x_wconf 83' lang='lat' dir='ltr'>diximus,</span> <span class='ocrx_word' id='word_1_252' title='bbox 806 2087 1009 2134; x_wconf 86' lang='lat' dir='ltr'><strong>imperatori</strong></span> <span class='ocrx_word' id='word_1_253' title='bbox 1038 2089 1080 2122; x_wconf 81' lang='lat' dir='ltr'><strong>ad</strong></span> <span class='ocrx_word' id='word_1_254' title='bbox 1104 2100 1254 2122; x_wconf 86' lang='lat' dir='ltr'><strong>mensam</strong></span> <span class='ocrx_word' id='word_1_255' title='bbox 1276 2088 1566 2124; x_wconf 79' lang='lat' dir='ltr'><strong>ministrantibus.</strong></span> <span class='ocrx_word' id='word_1_256' title='bbox 1613 2088 1709 2124; x_wconf 80' lang='lat' dir='ltr'><strong>circa</strong></span> 
     </span>
     <span class='ocr_line' id='line_1_30' title="bbox 249 2133 1709 2180; baseline 0.001 -13"><span class='ocrx_word' id='word_1_257' title='bbox 249 2133 483 2178; x_wconf 86' lang='lat' dir='ltr'><strong>vespertinum</strong></span> <span class='ocrx_word' id='word_1_258' title='bbox 514 2140 648 2180; x_wconf 88' lang='lat' dir='ltr'><strong>tempus</strong></span> <span class='ocrx_word' id='word_1_259' title='bbox 681 2136 816 2170; x_wconf 80' lang='lat' dir='ltr'>confert</span> <span class='ocrx_word' id='word_1_260' title='bbox 848 2147 888 2168; x_wconf 91' lang='lat' dir='ltr'><strong>se</strong></span> <span class='ocrx_word' id='word_1_261' title='bbox 910 2133 1100 2177; x_wconf 83' lang='lat' dir='ltr'><strong>imperator</strong></span> <span class='ocrx_word' id='word_1_262' title='bbox 1123 2135 1168 2169; x_wconf 85' lang='lat' dir='ltr'><strong>ad</strong></span> <span class='ocrx_word' id='word_1_263' title='bbox 1190 2139 1341 2168; x_wconf 84' lang='lat' dir='ltr'><strong>sanctam</strong></span> <span class='ocrx_word' id='word_1_264' title='bbox 1364 2134 1552 2180; x_wconf 82' lang='lat' dir='ltr'><strong>Sophiam,</strong></span> <span class='ocrx_word' id='word_1_265' title='bbox 1585 2135 1617 2168; x_wconf 85' lang='lat' dir='ltr'><strong>si</strong></span> <span class='ocrx_word' id='word_1_266' title='bbox 1641 2145 1709 2179; x_wconf 76' lang='lat' dir='ltr'><strong>pa-</strong></span> 
     </span>
     <span class='ocr_line' id='line_1_31' title="bbox 247 2179 1708 2228; baseline 0.002 -16"><span class='ocrx_word' id='word_1_267' title='bbox 247 2179 403 2213; x_wconf 85' lang='lat' dir='ltr'><strong>triarcha</strong></span> <span class='ocrx_word' id='word_1_268' title='bbox 426 2191 592 2224; x_wconf 80' lang='lat' dir='ltr'><strong>praesens</strong></span> <span class='ocrx_word' id='word_1_269' title='bbox 615 2181 680 2223; x_wconf 82' lang='lat' dir='ltr'><strong>sit3</strong></span> <span class='ocrx_word' id='word_1_270' title='bbox 711 2181 877 2226; x_wconf 79' lang='lat' dir='ltr'><strong>auditque</strong></span> <span class='ocrx_word' id='word_1_271' title='bbox 909 2181 952 2214; x_wconf 81' lang='lat' dir='ltr'><strong>ab</strong></span> <span class='ocrx_word' id='word_1_272' title='bbox 984 2179 1043 2214; x_wconf 86' lang='lat' dir='ltr'><strong>illo</strong></span> <span class='ocrx_word' id='word_1_273' title='bbox 1066 2180 1181 2225; x_wconf 78' lang='lat' dir='ltr'><strong>magni</strong></span> <span class='ocrx_word' id='word_1_274' title='bbox 1204 2180 1326 2214; x_wconf 86' lang='lat' dir='ltr'><strong>Basilii</strong></span> <span class='ocrx_word' id='word_1_275' title='bbox 1348 2180 1570 2226; x_wconf 74' lang='lat' dir='ltr'><strong>precationes</strong></span> <span class='ocrx_word' id='word_1_276' title='bbox 1595 2191 1708 2228; x_wconf 81' lang='lat' dir='ltr'><strong>prope</strong></span> 
     </span>
     <span class='ocr_line' id='line_1_32' title="bbox 249 2225 1201 2272; baseline 0.002 -14"><span class='ocrx_word' id='word_1_277' title='bbox 249 2225 484 2260; x_wconf 83' lang='lat' dir='ltr'><strong>diaconicum=</strong></span> <span class='ocrx_word' id='word_1_278' title='bbox 509 2227 564 2260; x_wconf 88' lang='lat' dir='ltr'><strong>sin</strong></span> <span class='ocrx_word' id='word_1_279' title='bbox 586 2227 709 2270; x_wconf 89' lang='lat' dir='ltr'><strong>minus,</strong></span> <span class='ocrx_word' id='word_1_280' title='bbox 735 2238 757 2261; x_wconf 83' lang='lat' dir='ltr'><strong>a</strong></span> <span class='ocrx_word' id='word_1_281' title='bbox 780 2232 976 2272; x_wconf 82' lang='lat' dir='ltr'><strong>protopapa</strong></span> <span class='ocrx_word' id='word_1_282' title='bbox 999 2226 1035 2259; x_wconf 92' lang='lat' dir='ltr'><strong>in</strong></span> <span class='ocrx_word' id='word_1_283' title='bbox 1058 2225 1201 2271; x_wconf 79' lang='lat' dir='ltr'><strong>palatio-</strong></span> 
     </span>
    </p>

    <p class='ocr_par' dir='ltr' id='par_1_9' title="bbox 247 2271 1722 2500">
     <span class='ocr_line' id='line_1_33' title="bbox 340 2271 1707 2316; baseline 0.001 -11"><span class='ocrx_word' id='word_1_284' title='bbox 340 2271 382 2304; x_wconf 88' lang='lat' dir='ltr'><strong>In</strong></span> <span class='ocrx_word' id='word_1_285' title='bbox 407 2272 499 2306; x_wconf 84' lang='lat' dir='ltr'><strong>festo</strong></span> <span class='ocrx_word' id='word_1_286' title='bbox 524 2272 744 2307; x_wconf 79' lang='lat' dir='ltr'><strong>exaltationis</strong></span> <span class='ocrx_word' id='word_1_287' title='bbox 771 2277 914 2306; x_wconf 82' lang='lat' dir='ltr'><strong>sanctae</strong></span> <span class='ocrx_word' id='word_1_288' title='bbox 942 2271 1054 2305; x_wconf 89' lang='lat' dir='ltr'><strong>crucis</strong></span> <span class='ocrx_word' id='word_1_289' title='bbox 1078 2272 1225 2316; x_wconf 85' lang='lat' dir='ltr'><strong>erigitur</strong></span> <span class='ocrx_word' id='word_1_290' title='bbox 1246 2271 1282 2305; x_wconf 91' lang='lat' dir='ltr'><strong>in</strong></span> <span class='ocrx_word' id='word_1_291' title='bbox 1305 2271 1456 2306; x_wconf 84' lang='lat' dir='ltr'><strong>triclinio</strong></span> <span class='ocrx_word' id='word_1_292' title='bbox 1479 2271 1631 2315; x_wconf 80' lang='lat' dir='ltr'><strong>ligneum</strong></span> <span class='ocrx_word' id='word_1_293' title='bbox 1650 2274 1707 2306; x_wconf 71' lang='lat' dir='ltr'><strong>ta-</strong></span> 
     </span>
     <span class='ocr_line' id='line_1_34' title="bbox 247 2317 1707 2363; baseline -0.001 -12"><span class='ocrx_word' id='word_1_294' title='bbox 247 2317 417 2360; x_wconf 86' lang='lat' dir='ltr'><strong>bulatum,</strong></span> <span class='ocrx_word' id='word_1_295' title='bbox 450 2318 544 2363; x_wconf 90' lang='lat' dir='ltr'><strong>quod</strong></span> <span class='ocrx_word' id='word_1_296' title='bbox 567 2318 669 2352; x_wconf 84' lang='lat' dir='ltr'><strong>etiam</strong></span> <span class='ocrx_word' id='word_1_297' title='bbox 694 2325 819 2352; x_wconf 85' lang='lat' dir='ltr'><strong>ornant</strong></span> <span class='ocrx_word' id='word_1_298' title='bbox 842 2317 954 2352; x_wconf 87' lang='lat' dir='ltr'><strong>serico</strong></span> <span class='ocrx_word' id='word_1_299' title='bbox 979 2317 1163 2360; x_wconf 80' lang='lat' dir='ltr'><strong>coccineo3</strong></span> <span class='ocrx_word' id='word_1_300' title='bbox 1199 2318 1235 2351; x_wconf 89' lang='lat' dir='ltr'><strong>in</strong></span> <span class='ocrx_word' id='word_1_301' title='bbox 1266 2329 1334 2362; x_wconf 91' lang='lat' dir='ltr'><strong>quo</strong></span> <span class='ocrx_word' id='word_1_302' title='bbox 1358 2317 1558 2363; x_wconf 78' lang='lat' dir='ltr'><strong>patriarcha</strong></span> <span class='ocrx_word' id='word_1_303' title='bbox 1581 2327 1707 2350; x_wconf 82' lang='lat' dir='ltr'><strong>ascen-</strong></span> 
     </span>
     <span class='ocr_line' id='line_1_35' title="bbox 247 2363 1722 2409; baseline -0.001 -13"><span class='ocrx_word' id='word_1_304' title='bbox 247 2364 353 2406; x_wconf 86' lang='lat' dir='ltr'><strong>dens,</strong></span> <span class='ocrx_word' id='word_1_305' title='bbox 379 2363 411 2397; x_wconf 87' lang='lat' dir='ltr'><strong>si</strong></span> <span class='ocrx_word' id='word_1_306' title='bbox 433 2375 600 2409; x_wconf 84' lang='lat' dir='ltr'><strong>praesens</strong></span> <span class='ocrx_word' id='word_1_307' title='bbox 623 2364 687 2408; x_wconf 86' lang='lat' dir='ltr'><strong>sit,</strong></span> <span class='ocrx_word' id='word_1_308' title='bbox 727 2364 785 2398; x_wconf 83' lang='lat' dir='ltr'><strong>vel</strong></span> <span class='ocrx_word' id='word_1_309' title='bbox 808 2364 896 2398; x_wconf 83' lang='lat' dir='ltr'><strong>alius</strong></span> <span class='ocrx_word' id='word_1_310' title='bbox 919 2375 962 2397; x_wconf 89' lang='lat' dir='ltr'><strong>ex</strong></span> <span class='ocrx_word' id='word_1_311' title='bbox 986 2363 1214 2408; x_wconf 79' lang='lat' dir='ltr'><strong>patriarchis,</strong></span> <span class='ocrx_word' id='word_1_312' title='bbox 1246 2364 1278 2397; x_wconf 87' lang='lat' dir='ltr'><strong>si</strong></span> <span class='ocrx_word' id='word_1_313' title='bbox 1301 2370 1384 2398; x_wconf 82' lang='lat' dir='ltr'><strong>tunc</strong></span> <span class='ocrx_word' id='word_1_314' title='bbox 1407 2363 1511 2408; x_wconf 84' lang='lat' dir='ltr'><strong>Cpoli</strong></span> <span class='ocrx_word' id='word_1_315' title='bbox 1531 2367 1722 2406; x_wconf 45' lang='lat' dir='ltr'><strong>ven-setun&gt;</strong></span> 
     </span>
     <span class='ocr_line' id='line_1_36' title="bbox 249 2407 1707 2455; baseline 0 -13"><span class='ocrx_word' id='word_1_316' title='bbox 249 2409 361 2442; x_wconf 86' lang='lat' dir='ltr'><strong>crucis</strong></span> <span class='ocrx_word' id='word_1_317' title='bbox 386 2409 629 2445; x_wconf 76' lang='lat' dir='ltr'><strong>exaltationem</strong></span> <span class='ocrx_word' id='word_1_318' title='bbox 653 2409 806 2455; x_wconf 80' lang='lat' dir='ltr'><strong>peragit.</strong></span> <span class='ocrx_word' id='word_1_319' title='bbox 852 2408 886 2443; x_wconf 89' lang='lat' dir='ltr'><strong>si</strong></span> <span class='ocrx_word' id='word_1_320' title='bbox 908 2408 1018 2444; x_wconf 84' lang='lat' dir='ltr'><strong>nullus</strong></span> <span class='ocrx_word' id='word_1_321' title='bbox 1041 2409 1162 2444; x_wconf 87' lang='lat' dir='ltr'><strong>horum</strong></span> <span class='ocrx_word' id='word_1_322' title='bbox 1186 2409 1288 2454; x_wconf 84' lang='lat' dir='ltr'><strong>adsit,</strong></span> <span class='ocrx_word' id='word_1_323' title='bbox 1314 2415 1398 2445; x_wconf 85' lang='lat' dir='ltr'><strong>tunc</strong></span> <span class='ocrx_word' id='word_1_324' title='bbox 1421 2409 1509 2445; x_wconf 82' lang='lat' dir='ltr'><strong>facit</strong></span> <span class='ocrx_word' id='word_1_325' title='bbox 1530 2407 1598 2443; x_wconf 84' lang='lat' dir='ltr'><strong>hoc</strong></span> <span class='ocrx_word' id='word_1_326' title='bbox 1620 2419 1707 2454; x_wconf 88' lang='lat' dir='ltr'><strong>pro—</strong></span> 
     </span>
     <span class='ocr_line' id='line_1_37' title="bbox 248 2461 392 2500; baseline -0.007 -11"><span class='ocrx_word' id='word_1_327' title='bbox 248 2461 392 2500; x_wconf 83' lang='lat' dir='ltr'><strong>topapa.</strong></span> 
     </span>
    </p>

    <p class='ocr_par' dir='ltr' id='par_1_10' title="bbox 249 2499 1722 2913">
     <span class='ocr_line' id='line_1_38' title="bbox 340 2499 1706 2547; baseline -0.001 -12"><span class='ocrx_word' id='word_1_328' title='bbox 340 2501 456 2536; x_wconf 86' lang='lat' dir='ltr'><strong>Nosse</strong></span> <span class='ocrx_word' id='word_1_329' title='bbox 487 2504 627 2547; x_wconf 87' lang='lat' dir='ltr'><strong>oportet</strong></span> <span class='ocrx_word' id='word_1_330' title='bbox 656 2500 829 2547; x_wconf 87' lang='lat' dir='ltr'><strong>principio</strong></span> <span class='ocrx_word' id='word_1_331' title='bbox 860 2499 1012 2534; x_wconf 81' lang='lat' dir='ltr'><strong>cuiusvis</strong></span> <span class='ocrx_word' id='word_1_332' title='bbox 1037 2499 1164 2534; x_wconf 84' lang='lat' dir='ltr'><strong>mensis</strong></span> <span class='ocrx_word' id='word_1_333' title='bbox 1188 2512 1299 2546; x_wconf 87' lang='lat' dir='ltr'><strong>aquae</strong></span> <span class='ocrx_word' id='word_1_334' title='bbox 1321 2505 1463 2535; x_wconf 85' lang='lat' dir='ltr'><strong>sanctae</strong></span> <span class='ocrx_word' id='word_1_335' title='bbox 1485 2499 1706 2535; x_wconf 82' lang='lat' dir='ltr'><strong>benedictio-</strong></span> 
     </span>
     <span class='ocr_line' id='line_1_39' title="bbox 249 2545 1722 2592; baseline -0.001 -12"><span class='ocrx_word' id='word_1_336' title='bbox 249 2558 326 2580; x_wconf 88' lang='lat' dir='ltr'><strong>nem</strong></span> <span class='ocrx_word' id='word_1_337' title='bbox 349 2546 428 2581; x_wconf 85' lang='lat' dir='ltr'><strong>fieri</strong></span> <span class='ocrx_word' id='word_1_338' title='bbox 450 2548 487 2581; x_wconf 86' lang='lat' dir='ltr'><strong>in</strong></span> <span class='ocrx_word' id='word_1_339' title='bbox 510 2547 641 2592; x_wconf 84' lang='lat' dir='ltr'><strong>palatio</strong></span> <span class='ocrx_word' id='word_1_340' title='bbox 655 2573 665 2592; x_wconf 92' lang='lat'>‚</span> <span class='ocrx_word' id='word_1_341' title='bbox 701 2551 847 2592; x_wconf 87' lang='lat' dir='ltr'><strong>excepto</strong></span> <span class='ocrx_word' id='word_1_342' title='bbox 869 2546 1067 2590; x_wconf 77' lang='lat' dir='ltr'><strong>Septembri</strong></span> <span class='ocrx_word' id='word_1_343' title='bbox 1092 2551 1128 2580; x_wconf 90' lang='lat' dir='ltr'><strong>et</strong></span> <span class='ocrx_word' id='word_1_344' title='bbox 1150 2546 1335 2581; x_wconf 80' lang='lat' dir='ltr'><strong>Ianuario:</strong></span> <span class='ocrx_word' id='word_1_345' title='bbox 1361 2559 1437 2581; x_wconf 86' lang='lat' dir='ltr'><strong>nam</strong></span> <span class='ocrx_word' id='word_1_346' title='bbox 1463 2546 1500 2580; x_wconf 91' lang='lat' dir='ltr'><strong>in</strong></span> <span class='ocrx_word' id='word_1_347' title='bbox 1524 2545 1643 2591; x_wconf 85' lang='lat' dir='ltr'><strong>priore</strong></span> <span class='ocrx_word' id='word_1_348' title='bbox 1666 2545 1722 2579; x_wconf 84' lang='lat' dir='ltr'><strong>fit·</strong></span> 
     </span>
     <span class='ocr_line' id='line_1_40' title="bbox 251 2590 1708 2638; baseline -0.001 -13"><span class='ocrx_word' id='word_1_349' title='bbox 251 2592 337 2626; x_wconf 88' lang='lat' dir='ltr'><strong>haec</strong></span> <span class='ocrx_word' id='word_1_350' title='bbox 360 2593 556 2628; x_wconf 87' lang='lat' dir='ltr'><strong>benedictio</strong></span> <span class='ocrx_word' id='word_1_351' title='bbox 581 2593 639 2628; x_wconf 89' lang='lat' dir='ltr'><strong>die</strong></span> <span class='ocrx_word' id='word_1_352' title='bbox 662 2592 795 2627; x_wconf 90' lang='lat' dir='ltr'><strong>decimo</strong></span> <span class='ocrx_word' id='word_1_353' title='bbox 822 2598 966 2638; x_wconf 82' lang='lat' dir='ltr'><strong>quarto,</strong></span> <span class='ocrx_word' id='word_1_354' title='bbox 1001 2592 1036 2625; x_wconf 88' lang='lat' dir='ltr'><strong>in</strong></span> <span class='ocrx_word' id='word_1_355' title='bbox 1067 2594 1263 2637; x_wconf 84' lang='lat' dir='ltr'><strong>posteriore</strong></span> <span class='ocrx_word' id='word_1_356' title='bbox 1287 2593 1343 2627; x_wconf 88' lang='lat' dir='ltr'><strong>die</strong></span> <span class='ocrx_word' id='word_1_357' title='bbox 1365 2597 1479 2627; x_wconf 83' lang='lat' dir='ltr'><strong>sexto.</strong></span> <span class='ocrx_word' id='word_1_358' title='bbox 1526 2590 1708 2636; x_wconf 83' lang='lat' dir='ltr'><strong>peragitur</strong></span> 
     </span>
     <span class='ocr_line' id='line_1_41' title="bbox 251 2637 1708 2682; baseline -0.001 -12"><span class='ocrx_word' id='word_1_359' title='bbox 251 2644 365 2671; x_wconf 78' lang='lat' dir='ltr'><strong>autem</strong></span> <span class='ocrx_word' id='word_1_360' title='bbox 391 2639 590 2674; x_wconf 84' lang='lat' dir='ltr'><strong>benedictio</strong></span> <span class='ocrx_word' id='word_1_361' title='bbox 616 2640 705 2674; x_wconf 91' lang='lat' dir='ltr'><strong>hunc</strong></span> <span class='ocrx_word' id='word_1_362' title='bbox 727 2638 764 2672; x_wconf 89' lang='lat' dir='ltr'><strong>in</strong></span> <span class='ocrx_word' id='word_1_363' title='bbox 789 2638 936 2672; x_wconf 88' lang='lat' dir='ltr'><strong>modum.</strong></span> <span class='ocrx_word' id='word_1_364' title='bbox 983 2638 1193 2682; x_wconf 83' lang='lat' dir='ltr'><strong>imperatore</strong></span> <span class='ocrx_word' id='word_1_365' title='bbox 1226 2651 1288 2673; x_wconf 86' lang='lat' dir='ltr'><strong>suo</strong></span> <span class='ocrx_word' id='word_1_366' title='bbox 1323 2639 1359 2672; x_wconf 92' lang='lat' dir='ltr'><strong>in</strong></span> <span class='ocrx_word' id='word_1_367' title='bbox 1397 2637 1559 2672; x_wconf 86' lang='lat' dir='ltr'><strong>comitatu</strong></span> <span class='ocrx_word' id='word_1_368' title='bbox 1592 2642 1708 2670; x_wconf 87' lang='lat' dir='ltr'><strong>stante</strong></span> 
     </span>
     <span class='ocr_line' id='line_1_42' title="bbox 256 2682 1706 2729; baseline -0.001 -13"><span class='ocrx_word' id='word_1_369' title='bbox 256 2684 392 2718; x_wconf 84' lang='lat' dir='ltr'><strong>canitur</strong></span> <span class='ocrx_word' id='word_1_370' title='bbox 415 2692 524 2729; x_wconf 84' lang='lat' dir='ltr'><strong>extra,</strong></span> <span class='ocrx_word' id='word_1_371' title='bbox 548 2685 641 2719; x_wconf 81' lang='lat' dir='ltr'><strong>circa</strong></span> <span class='ocrx_word' id='word_1_372' title='bbox 659 2684 863 2719; x_wconf 81' lang='lat' dir='ltr'><strong>vestibulum</strong></span> <span class='ocrx_word' id='word_1_373' title='bbox 886 2683 1040 2726; x_wconf 83' lang='lat' dir='ltr'><strong>triclinii,</strong></span> <span class='ocrx_word' id='word_1_374' title='bbox 1063 2684 1099 2718; x_wconf 92' lang='lat' dir='ltr'><strong>id</strong></span> <span class='ocrx_word' id='word_1_375' title='bbox 1124 2685 1216 2728; x_wconf 93' lang='lat' dir='ltr'><strong>quod</strong></span> <span class='ocrx_word' id='word_1_376' title='bbox 1238 2686 1282 2719; x_wconf 92' lang='lat' dir='ltr'><strong>de</strong></span> <span class='ocrx_word' id='word_1_377' title='bbox 1306 2683 1472 2718; x_wconf 84' lang='lat' dir='ltr'><strong>matutino</strong></span> <span class='ocrx_word' id='word_1_378' title='bbox 1495 2687 1617 2716; x_wconf 85' lang='lat' dir='ltr'><strong>restat.</strong></span> <span class='ocrx_word' id='word_1_379' title='bbox 1643 2682 1706 2716; x_wconf 79' lang='lat' dir='ltr'><strong>de-</strong></span> 
     </span>
     <span class='ocr_line' id='line_1_43' title="bbox 255 2728 1708 2776; baseline -0.001 -13"><span class='ocrx_word' id='word_1_380' title='bbox 255 2730 336 2763; x_wconf 88' lang='lat' dir='ltr'><strong>inde</strong></span> <span class='ocrx_word' id='word_1_381' title='bbox 370 2731 501 2775; x_wconf 85' lang='lat' dir='ltr'><strong>absque</strong></span> <span class='ocrx_word' id='word_1_382' title='bbox 530 2730 599 2764; x_wconf 84' lang='lat' dir='ltr'><strong>ulla</strong></span> <span class='ocrx_word' id='word_1_383' title='bbox 619 2729 872 2776; x_wconf 85' lang='lat' dir='ltr'><strong>interruptione</strong></span> <span class='ocrx_word' id='word_1_384' title='bbox 896 2730 1046 2764; x_wconf 86' lang='lat' dir='ltr'><strong>officium</strong></span> <span class='ocrx_word' id='word_1_385' title='bbox 1070 2741 1181 2774; x_wconf 85' lang='lat' dir='ltr'><strong>aquae</strong></span> <span class='ocrx_word' id='word_1_386' title='bbox 1204 2730 1479 2770; x_wconf 85' lang='lat' dir='ltr'><strong>benedicendae;</strong></span> <span class='ocrx_word' id='word_1_387' title='bbox 1510 2739 1578 2772; x_wconf 91' lang='lat' dir='ltr'><strong>quo</strong></span> <span class='ocrx_word' id='word_1_388' title='bbox 1602 2728 1708 2762; x_wconf 81' lang='lat' dir='ltr'><strong>abso-</strong></span> 
     </span>
     <span class='ocr_line' id='line_1_44' title="bbox 256 2772 1709 2822; baseline -0.002 -13"><span class='ocrx_word' id='word_1_389' title='bbox 256 2777 329 2810; x_wconf 83' lang='lat' dir='ltr'><strong>luto</strong></span> <span class='ocrx_word' id='word_1_390' title='bbox 353 2776 450 2810; x_wconf 80' lang='lat' dir='ltr'><strong>venit</strong></span> <span class='ocrx_word' id='word_1_391' title='bbox 472 2781 688 2822; x_wconf 84' lang='lat' dir='ltr'><strong>protopapa‚</strong></span> <span class='ocrx_word' id='word_1_392' title='bbox 719 2781 756 2811; x_wconf 88' lang='lat' dir='ltr'><strong>et</strong></span> <span class='ocrx_word' id='word_1_393' title='bbox 778 2787 800 2810; x_wconf 87' lang='lat' dir='ltr'><strong>a</strong></span> <span class='ocrx_word' id='word_1_394' title='bbox 819 2775 928 2810; x_wconf 81' lang='lat' dir='ltr'><strong>latere</strong></span> <span class='ocrx_word' id='word_1_395' title='bbox 952 2776 1026 2809; x_wconf 87' lang='lat' dir='ltr'><strong>eius</strong></span> <span class='ocrx_word' id='word_1_396' title='bbox 1049 2776 1311 2810; x_wconf 84' lang='lat' dir='ltr'><strong>archidiaconus</strong></span> <span class='ocrx_word' id='word_1_397' title='bbox 1335 2780 1372 2810; x_wconf 84' lang='lat' dir='ltr'><strong>et</strong></span> <span class='ocrx_word' id='word_1_398' title='bbox 1392 2773 1643 2820; x_wconf 83' lang='lat' dir='ltr'><strong>protopsaltes‚</strong></span> <span class='ocrx_word' id='word_1_399' title='bbox 1676 2772 1709 2806; x_wconf 81' lang='lat' dir='ltr'><strong>si</strong></span> 
     </span>
     <span class='ocr_line' id='line_1_45' title="bbox 256 2817 1706 2868; baseline -0.003 -12"><span class='ocrx_word' id='word_1_400' title='bbox 256 2822 365 2867; x_wconf 76' lang='lat' dir='ltr'><strong>adsit,</strong></span> <span class='ocrx_word' id='word_1_401' title='bbox 393 2821 450 2855; x_wconf 83' lang='lat' dir='ltr'><strong>vel</strong></span> <span class='ocrx_word' id='word_1_402' title='bbox 474 2822 561 2855; x_wconf 84' lang='lat' dir='ltr'><strong>alius</strong></span> <span class='ocrx_word' id='word_1_403' title='bbox 586 2822 757 2868; x_wconf 88' lang='lat' dir='ltr'><strong>quispiam</strong></span> <span class='ocrx_word' id='word_1_404' title='bbox 781 2833 825 2856; x_wconf 83' lang='lat' dir='ltr'><strong>ex</strong></span> <span class='ocrx_word' id='word_1_405' title='bbox 853 2821 897 2856; x_wconf 83' lang='lat' dir='ltr'><strong>iis</strong></span> <span class='ocrx_word' id='word_1_406' title='bbox 920 2821 981 2866; x_wconf 89' lang='lat' dir='ltr'><strong>qui</strong></span> <span class='ocrx_word' id='word_1_407' title='bbox 1003 2821 1120 2856; x_wconf 86' lang='lat' dir='ltr'><strong>officio</strong></span> <span class='ocrx_word' id='word_1_408' title='bbox 1144 2821 1259 2866; x_wconf 85' lang='lat' dir='ltr'><strong>aliquo</strong></span> <span class='ocrx_word' id='word_1_409' title='bbox 1283 2822 1484 2866; x_wconf 79' lang='lat' dir='ltr'><strong>funguntur.</strong></span> <span class='ocrx_word' id='word_1_410' title='bbox 1530 2817 1706 2853; x_wconf 79' lang='lat' dir='ltr'><strong>archidia-</strong></span> 
     </span>
     <span class='ocr_line' id='line_1_46' title="bbox 256 2865 1707 2913; baseline -0.003 -11"><span class='ocrx_word' id='word_1_411' title='bbox 256 2880 363 2903; x_wconf 88' lang='lat' dir='ltr'><strong>conus</strong></span> <span class='ocrx_word' id='word_1_412' title='bbox 386 2869 456 2904; x_wconf 81' lang='lat' dir='ltr'><strong>fert</strong></span> <span class='ocrx_word' id='word_1_413' title='bbox 479 2878 635 2913; x_wconf 84' lang='lat' dir='ltr'><strong>crucem,</strong></span> <span class='ocrx_word' id='word_1_414' title='bbox 669 2869 738 2904; x_wconf 86' lang='lat' dir='ltr'><strong>iste</strong></span> <span class='ocrx_word' id='word_1_415' title='bbox 771 2878 857 2903; x_wconf 86' lang='lat' dir='ltr'><strong>vero</strong></span> <span class='ocrx_word' id='word_1_416' title='bbox 892 2866 1090 2913; x_wconf 83' lang='lat' dir='ltr'><strong>vasculum,</strong></span> <span class='ocrx_word' id='word_1_417' title='bbox 1122 2867 1227 2913; x_wconf 84' lang='lat' dir='ltr'><strong>vulgo</strong></span> <span class='ocrx_word' id='word_1_418' title='bbox 1251 2867 1462 2903; x_wconf 85' lang='lat' dir='ltr'><strong>oenocheum</strong></span> <span class='ocrx_word' id='word_1_419' title='bbox 1483 2865 1707 2908; x_wconf 82' lang='lat' dir='ltr'><strong>nominatum,</strong></span> 
     </span>
    </p>
   </div>
  </div>
 </body>
</html>
