1864 3164
368 184 466 230 236
583 183 859 228 GRETSERI
875 183 948 227 ET
969 182 1140 227 GOARI
1158 181 1595 229 COMMENTARIUS

361 292 503 334 κιρροῖς
533 293 612 332 τοῖς
639 287 754 326 ἅπασι
781 291 945 336 χρῆσθαι
972 287 1202 336 κεχάρισται,
1237 287 1284 325 ἵν’
1316 283 1342 338 ᾖ
1373 287 1642 337 διασημότατος
1672 289 1716 327 ἐν
1735 293 1813 332 τοῖς

361 337 448 382 περὶ
469 333 535 372 τὸν
558 334 706 383 βασιλέα
737 334 906 381 εὖγενὲσι.

459 407 492 440 p.
508 396 549 430 18
567 406 600 430 ν.
617 395 670 429 10.
695 390 906 437 ὑποϋέλιον]
931 391 1136 427 δικανίκιον
1157 393 1408 438 protovestiarii
1428 393 1580 429 aur-isicio
1604 405 1707 439 opere
1727 404 1812 438 χρυ-

365 437 557 484 σοχοϊκόν,
578 440 772 484 liquatoque
793 439 896 473 viridi
918 438 961 472 ad
983 438 1185 485 pigmentum
1207 439 1341 473 metallo
1361 439 1485 474 vitrum
1509 440 1658 476 imitante
1676 435 1811 474 ὑποῢὲ-

365 487 469 529 λιον,
493 497 533 519 ac
555 485 632 519 ideo
657 485 763 519 viride
787 485 882 519 simul
905 496 947 520 ac
968 491 1104 518 aureum
1124 481 1427 528 χρυσοπρᾶσινον.

458 542 542 575 ibid.
577 538 624 575 τοὶ
653 538 877 587 ὑποδήματα
909 537 1026 576 αὐτοῦ
1057 538 1229 586 πράσινα]
1269 541 1388 595 quibus
1410 543 1590 576 attestatur
1610 540 1754 576 Nicetas
1776 540 1811 574 in

363 587 481 621 Alexio
502 587 651 631 Angelo,
683 587 858 633 eidemque
883 586 1142 632 protovestiario
1165 592 1345 622 tentorium
1368 587 1537 632 proprium
1570 586 1742 621 concedit:
1775 582 1815 620 οἴ

362 630 548 678 βάρβαροι
571 628 614 667 τὸ
637 634 933 677 νυκτιφυλακοῦν
955 630 1159 678 στράτευμα
1179 633 1225 677 τῇ
1247 634 1315 667 τοῦ
1337 631 1669 678 πρωτοβεστιαρίου
1687 628 1812 666 Ἰωάν-

359 689 430 711 νου
453 678 569 723 σκηνῇ
591 679 728 723 φεῦγον
749 675 1036 724 ἐπικατέλαβον,
1070 675 1117 720 ὥς
1148 677 1212 713 καὶ
1233 679 1367 713 τοῦτον
1387 674 1656 724 θορυβηθέντα
1678 673 1808 719 ἐξανα-

358 723 503 767 στῆναι.
550 728 584 757 et
604 723 710 759 infra:
735 721 781 759 τοὶ
805 720 846 760 ἐν
866 724 914 770 τῇ
936 724 1051 769 σκηνῇ
1071 721 1274 768 διελόμενοι
1282 749 1294 768 ,
1317 719 1358 759 ἐν
1381 720 1437 764 οἷς
1457 716 1506 768 ἦν
1526 721 1590 758 καὶ
1609 718 1656 757 τὰ
1674 719 1810 769 βατρά-

385 780 423 802 ια
446 765 488 803 τὸ
511 769 637 814 χρῶμα
658 768 791 804 πέδιλα
823 770 892 804 τοῦ
921 769 1274 815 πρωτοβεστιαριόυ,
1306 765 1397 826 ὅλην
1424 764 1566 814 ἐκείνην
1596 763 1665 813 τὴν
1694 765 1810 803 νύκτα

358 827 402 849 εν
423 814 559 861 μωκείᾳ
583 814 646 849 καὶ
669 812 795 859 γέλωτι
816 811 864 850 τοὶ
883 813 1072 860 *Ρωμαίων
1093 809 1264 849 ἐτίθεσαν
1293 826 1501 859 πραγματα,
1546 813 1635 848 idem
1656 813 1690 848 in
1713 814 1810 848 Isan-

358 860 412 894 cio
437 865 473 895 et
494 861 625 905 Angelo
649 861 698 895 F:
730 858 750 895 ὁ
775 858 1103 908 πρωτοβεστιᾶριος
1123 856 1170 895 τοὶ
1194 863 1271 902 τοῖς
1292 862 1442 902 πολλοῖς
1465 854 1693 906 ἓτερόχρωμα
1712 860 1809 894 καθ-

351 903 607 951 υποὸούμενος
626 903 771 942 πέδιλα.

467 965 555 1004 ibid.
589 979 623 1004 v.
649 968 711 1006 17.
760 962 960 1017 βλοῖτινον]
1007 966 1088 1004 cod.
1121 964 1255 1003 Boicus
1293 964 1475 1016 βλατίον,
1516 964 1596 1003 aliis
1631 959 1807 1015 βλᾶτιον.

353 1034 467 1072 saepe
488 1022 645 1060 occurrit
661 1022 698 1058 in
718 1021 788 1060 hoc
806 1026 845 1060 et
863 1022 900 1059 in
925 1022 1003 1059 aliis
1028 1022 1240 1072 posterioris
1254 1021 1333 1058 aevi
1352 1020 1612 1071 scriptoribus3
1630 1033 1698 1058 nec
1717 1021 1807 1069 quid

353 1079 425 1127 sit,
455 1077 560 1115 facile
579 1078 760 1129 explicatu
779 1081 847 1116 est.
877 1078 979 1128 prius
994 1078 1156 1115 dicamus
1177 1078 1267 1126 quid
1281 1077 1331 1114 sit
1344 1078 1447 1127 apud
1467 1075 1644 1126 Latinos,
1673 1077 1807 1115 deinde

351 1136 402 1171 ad
417 1135 580 1172 Graecos
598 1135 796 1172 veniamus.
852 1133 994 1172 Savaro
1019 1134 1058 1171 in
1082 1134 1173 1171 illud
1198 1133 1341 1171 Sidonii
1369 1133 1392 1170 l.
1422 1136 1448 1174 9
1475 1133 1584 1184 epist.
1614 1135 1684 1174 13:
1713 1135 1806 1172 ruti-

352 1190 474 1241 lasque
498 1194 590 1228 veste
615 1191 770 1240 blattas,
797 1190 837 1227 id
863 1194 920 1227 est
952 1203 1165 1241 purpuram.
1223 1189 1360 1228 Paulus
1388 1188 1574 1227 Diaconus
1592 1189 1632 1226 in
1653 1189 1804 1239 glossis:

349 1246 467 1284 blatta
487 1259 605 1296 genus
626 1258 855 1298 purpureum
873 1247 1015 1285 vermis.
1045 1250 1083 1284 et
1104 1247 1126 1283 l.
1157 1247 1212 1287 10
1239 1247 1320 1284 cod.
1343 1247 1392 1283 de
1410 1245 1649 1295 Murilegulis.
1678 1258 1702 1283 a
1731 1259 1806 1295 qua

206 1302 237 1336 P
266 1304 330 1339 199
351 1302 515 1340 blatteae
539 1303 686 1341 tunicae
713 1302 927 1354 Capitolino
949 1307 988 1339 et
1016 1302 1201 1354 Vopisco‚
1238 1307 1277 1340 et
1307 1303 1459 1340 blatteus
1486 1302 1587 1339 color
1607 1301 1752 1341 Isidoro
1781 1302 1804 1339 l.

350 1361 403 1399 12
419 1372 449 1397 c.
469 1358 536 1398 ult.
553 1362 591 1396 et
608 1358 631 1397 l.
653 1359 706 1399 29
721 1372 752 1397 c.
769 1358 842 1407 18,
862 1363 900 1396 et
920 1359 1081 1409 blattzfer
1100 1363 1260 1405 senatus,
1279 1358 1351 1396 hoc
1365 1362 1424 1396 est
1442 1370 1675 1409 purpureus,
1701 1359 1804 1410 apud

347 1415 508 1453 eundem
545 1415 750 1452 Sidonium.
806 1413 1012 1452 Venantius
1045 1414 1275 1452 Fortunatus
1308 1414 1331 1452 l.
1369 1415 1398 1454 2
1424 1414 1541 1464 epigr.
1586 1414 1712 1452 Serica
1743 1416 1805 1452 cui

345 1473 458 1509 niveis
476 1476 614 1521 agnata
632 1475 683 1508 est
704 1472 836 1509 blattea
850 1471 938 1508 telis.
967 1472 1014 1508 de
1034 1483 1200 1521 purpura
1222 1483 1289 1508 seu
1313 1482 1502 1522 purpurea
1522 1472 1626 1507 veste
1647 1469 1802 1520 intelligi

345 1526 482 1565 debere
495 1527 609 1565 testis
626 1531 685 1565 est
703 1526 904 1577 Eutropius
923 1527 962 1564 in
980 1525 1150 1576 Nerone,
1179 1527 1266 1576 quia
1285 1526 1388 1575 quod
1404 1525 1604 1564 Suetonius
1625 1525 1696 1576 ait,
1724 1525 1802 1564 Ne-

345 1596 474 1621 ronem
509 1596 676 1636 purpura
716 1595 900 1632 coccoque
936 1583 1085 1620 funibus
1119 1583 1222 1620 nexis
1255 1583 1460 1634 piscatum,
1495 1582 1567 1620 hoc
1597 1581 1801 1634 Eutropius
1846 1614 1850 1615 γ

345 1640 489 1678 hlatteis
509 1641 611 1678 dixit.
643 1641 744 1691 apud
761 1638 1017 1690 Lampridium
1045 1639 1083 1676 in
1103 1638 1350 1689 Heliogabalo
1371 1639 1483 1690 funes
1506 1638 1622 1677 blatta
1643 1643 1677 1676 et
1694 1642 1801 1677 serico

345 1698 480 1734 intorti.
509 1697 609 1734 unde
629 1696 901 1734 sericoblatteam
918 1699 1059 1733 vestem
1083 1696 1269 1747 accipiunt
1288 1694 1454 1733 nonnulli
1481 1707 1564 1732 eam
1593 1706 1689 1744 quae
1711 1706 1800 1745 pur-

345 1753 451 1803 purei
470 1753 602 1790 coloris
617 1756 728 1791 estet
746 1752 815 1789 filis
839 1752 958 1789 aureis
978 1752 1119 1790 variata
1135 1752 1158 1789 1.
1186 1753 1240 1792 10
1259 1765 1288 1789 c.
1314 1752 1362 1789 de
1392 1749 1631 1800 Murilegulis.
1657 1754 1696 1788 et
1722 1750 1745 1788 l.
1767 1765 1797 1788 c.

345 1808 383 1845 T
384 1809 491 1846 heod.
511 1810 593 1846 eod.
614 1808 704 1846 haec
717 1809 909 1846 Browerus
931 1812 1058 1845 noster
1077 1808 1126 1845 ad
1150 1807 1383 1845 Venantium.
1413 1808 1516 1858 apud
1542 1806 1798 1844 Turonensem

343 1865 487 1902 Histor.
516 1864 647 1901 Franc.
677 1867 702 1904 2
732 1866 785 1905 38
809 1865 942 1901 blattea
963 1867 1083 1901 tunica
1112 1864 1191 1900 sine
1224 1864 1335 1900 (lubio
1366 1875 1553 1913 purpurea
1577 1865 1644 1899 est.
1677 1862 1716 1898 in
1742 1863 1796 1900 hi-

343 1921 460 1957 storia
486 1920 676 1958 Anastasii
706 1921 753 1957 de
777 1920 871 1957 Vitis
903 1919 1144 1967 Pontificum,
1171 1920 1207 1956 in
1237 1918 1423 1967 paschali,
1451 1918 1565 1954 habes
1592 1930 1725 1956 crucem
1756 1920 1797 1957 de

343 1977 473 2013 blattz'n
489 2005 499 2023 ‚
525 1977 715 2026 periclysin
738 1977 779 2013 de
799 1977 948 2018 blatan,-
979 1987 1074 2023 quae
1091 1975 1201 2011 etiam
1219 1975 1259 2012 in
1289 1973 1417 2011 Leone
1438 1973 1494 2010 ΙΙΙ
1521 1973 1668 2024 saepius
1695 1974 1796 2012 inve-

339 2032 431 2069 nies.
465 2031 514 2068 ad
546 2032 818 2070 distinctionem
850 2030 999 2068 additur
1042 2030 1226 2067 interdum
1264 2029 1306 2067 de
1341 2029 1470 2067 blattin
1512 2028 1712 2080 Byzanteo,
1753 2032 1796 2069 de

341 2088 471 2124 blattina
489 2084 734 2138 Neapolitano.
764 2088 811 2124 de
828 2085 957 2124 Leone
975 2084 1047 2122 III:
1071 2085 1166 2135 fecit
1187 2089 1312 2123 vestem
1331 2083 1588 2136 chrysoclabam
1603 2099 1648 2123 ex
1667 2086 1796 2125 blattin

339 2142 551 2193 Byzanteo,
580 2143 754 2180 habentem
777 2143 956 2179 historiam
983 2143 1185 2179 nativitatis
1212 2146 1244 2178 et
1277 2141 1320 2179 S.
1346 2141 1528 2180 Simeonis.
1556 2141 1620 2178 ubi
1641 2144 1796 2181 materia

339 2212 365 2237 a
392 2198 574 2249 Byzantio
607 2211 742 2236 nomen
762 2198 894 2235 sortita
919 2197 1093 2234 innuitur.
1124 2198 1213 2246 quid
1235 2197 1394 2235 Graeci?
1423 2197 1673 2236 Glossarium:
1701 2195 1794 2251 βλᾰ.

339 2270 427 2295 τιον
448 2255 573 2293 blatta.
630 2254 845 2292 Actuarius:
875 2250 1057 2305 βλάττιον
1083 2249 1301 2300 Βυζάντιον
1323 2250 1470 2294 ὀστοῦν
1489 2256 1560 2304 τῆς
1588 2250 1699 2304 ῤἰνός
1721 2257 1793 2306 τῆς

339 2313 564 2361 πορφυρᾶς.
596 2311 711 2349 blatta
737 2310 922 2361 Byzantia
953 2313 1003 2347 est
1036 2323 1072 2346 os
1105 2322 1150 2347 ex
1181 2323 1267 2347 naso
1295 2323 1480 2360 purpurae.
1505 2322 1642 2361 saepe,
1670 2310 1791 2360 inquit

339 2368 592 2417 Glossarium,
638 2367 796 2405 occurrit
839 2365 941 2417 apud
979 2365 1164 2403 Codinum
1197 2365 1368 2404 Nicetam
1401 2366 1622 2404 Cedrenum.
1677 2380 1791 2418 saepe
1843 2364 1845 2367 ⁸

338 2425 516 2473 occurrit,
543 2424 678 2462 fateor:
703 2424 770 2460 sed
789 2435 877 2461 num
894 2434 1038 2471 semper
1061 2434 1105 2459 ea
1125 2434 1234 2471 quam
1254 2435 1298 2460 ex
1324 2421 1499 2460 Actuario
1523 2422 1655 2470 assem,
1675 2423 1790 2473 signi-

335 2480 536 2518 ficatione?
560 2492 674 2530 quare
689 2491 765 2518 non
782 2478 936 2530 exponis
955 2477 1046 2526 quid
1059 2478 1109 2514 sit
1129 2478 1297 2516 absolute
1316 2475 1500 2531 βλάττιον
1513 2482 1552 2516 et
1571 2473 1789 2529 βλᾶτινονΡ

336 2538 441 2587 apud
456 2537 641 2574 Codinum
660 2539 760 2575 certe
783 2547 859 2573 non
875 2537 1001 2585 potest
1020 2546 1102 2571 esse
1125 2548 1160 2572 os
1183 2537 1265 2572 nasi
1279 2547 1467 2586 purpurae.
1503 2534 1673 2571 nimirum
1691 2534 1787 2572 anti-

337 2605 451 2640 quum
486 2596 612 2631 tenes:
654 2593 782 2631 abdita
810 2590 927 2640 fugis,
967 2589 1075 2627 obvia
1109 2594 1148 2627 et
1179 2591 1343 2640 vulgaria
1375 2590 1591 2641 plerumque
1624 2590 1786 2628 sectaris.

336 2647 572 2687 Theodosius
600 2648 822 2700 Zygomalas
855 2647 1018 2695 Graecus
1057 2646 1095 2682 in
1124 2647 1282 2697 epistola
1307 2647 1467 2696 quadam
1495 2646 1532 2684 T
1533 2646 1786 2696 urcograeeiae

333 2705 475 2743 inserta
502 2719 538 2756 p.
564 2707 617 2746 99
636 2706 775 2757 βλατία
793 2705 918 2757 χρυσᾶ
941 2700 1010 2741 καὶ
1028 2697 1219 2753 ἔξᾶμετατ
1247 2703 1309 2740 ubi
1332 2702 1486 2740 Crusius
1511 2701 1656 2751 giudine
1683 2702 1784 2740 stiick

332 2761 405 2797 mul
425 2761 575 2799 ‹lamast.
631 2761 780 2800 Alexius
806 2762 1018 2798 comnenus
1037 2759 1210 2797 mittebat
1229 2772 1274 2797 ex
1298 2763 1407 2810 pacto
1436 2757 1597 2795 Henrico
1623 2757 1674 2795 lv
1706 2758 1782 2807 regi

332 2821 371 2854 ct
399 2817 612 2868 imperatori
630 2819 707 2868 111,
737 2821 883 2869 praeter
914 2814 1106 2867 plurimam
1133 2815 1345 2868 pecuniam,
1374 2812 1509 2854 ἑκατὸν
1533 2814 1711 2866 βλαττία,
1742 2819 1783 2851 ut
