1864 3164
272 161 368 208 214
471 165 746 208 GRETSERI
767 166 841 209 ET
865 165 1041 208 GOARI
1061 166 1496 211 COMMENTARIUS

404 269 603 316 διάχρυσον
627 267 855 316 ἐμφαίνοντα
876 268 918 306 τὸ
940 267 1050 316 μέρος
1071 268 1149 307 ἅνω
1170 270 1297 318 μόνον.

405 318 510 362 τρίτη
530 314 655 362 μέντοι
675 313 811 357 πεντάς
830 317 986 371 χρῶνται
1007 317 1125 358 πίλοις
1143 321 1224 359 ἐτοῖς
1243 320 1483 364 συρματίνοις,

406 361 427 396 ὃ
449 360 560 407 μέγας
581 359 858 407 πριμμικήριος,
878 360 898 398 ὁ
923 374 1035 407 μεγας
1055 364 1310 408 κονοσταῦλος,

408 404 470 442 ἐπὶ
492 409 559 442 τοῦ
581 406 788 442 κανικλείου
807 419 865 452 τε,
889 409 963 442 τῶν
985 409 1168 455 σεβαστῶν
1188 406 1208 444 ὁ
1232 412 1388 456 πρῶτος,

338 453 385 488 20
407 450 427 487 ὁ
451 449 641 497 ἔπικέρνης
662 463 699 487 τε
723 450 827 496 ὁμοῦ.
870 454 936 497 τῆς
954 449 996 487 δὲ
1017 451 1193 499 τετάρτης
1216 446 1332 499 οὗτοι,

407 495 430 532 ὅ
453 510 491 542 γε
515 495 840 542 παρακοιμώμενος
862 496 1019 543 μεγάλης
1037 500 1103 544 τῆς
1124 498 1342 546 σφενδόνης,

405 544 476 578 τοῦ
497 538 539 576 δὲ
563 543 739 584 κοιτῶνος
761 541 903 587 ἕτερος,
924 541 1036 588 μέγας
1059 543 1232 591 βαΐουλός
1253 557 1305 589 τε,

405 587 708 632 κουροπαλάτης,
731 586 805 633 μετ’
830 586 944 624 αὐτὸν
966 590 1328 636 πρωτοβεστιαρίτης.

407 629 500 666 ἀλλά
525 632 590 667 καὶ
611 631 756 674 τούτοις
779 632 889 676 ἔξεστι
910 634 1028 675 πίλοις
1049 633 1231 676 τοιούτοις
1251 637 1424 681 χρῆσθαι.

345 678 388 712 25
411 678 476 722 τῆς
498 674 540 711 δὲ
561 675 728 735 πέμπτης
750 679 941 714 κλαπωταὶ
962 683 1040 720 τοῖς
1063 681 1175 715 πᾶσιν
1197 678 1240 715 αῖ
1260 680 1479 727 καλύπτραι,

408 716 460 757 ὧν
478 721 575 758 ἐστὶν
598 736 617 758 ο
642 722 853 768 δομέστικος
877 726 940 770 τῆς
962 725 1146 771 βασιλικῆς
1166 724 1361 772 τραπέζης,

407 765 470 802 ἐπὶ
490 769 670 814 τραπέζης
689 767 799 810 ἄλλος
819 782 879 814 τε,
905 772 1053 815 γενικοῦ
1069 770 1283 816 λογοθέτης,

409 810 430 847 ὁ
455 811 567 858 μέγας
586 810 635 849 ἂν
658 808 740 859 (αὖ)
763 815 931 856 παππίας
951 827 1011 860 τε,
1033 815 1096 851 καὶ
1118 814 1275 860 ἔπαρχος
1295 813 1361 851 σὺν
1379 814 1535 859 τούτοις.

409 859 475 903 τῆς
498 858 603 904 ἕκτης
624 859 735 905 μέγας
756 857 906 906 ἄρχεται
928 859 1168 906 δρουγγάριος
1189 862 1254 906 τῆς
1274 861 1411 908 βίγλης,

344 903 392 939 30
413 903 524 948 μέγας
545 900 776 950 ἑταιριάρχης
798 917 857 951 τε,
876 904 1079 951 λογοθέτης
1101 908 1168 941 τοῦ
1189 904 1344 952 δρόμου,

409 946 430 983 ὁ
458 949 671 992 φιλοσόφων
695 949 856 995 ὕπατος,
875 951 1139 996 χαρτουλάριος
1160 949 1282 997 μέγας.

410 990 493 1038 ἑξῆς
514 990 673 1041 ἑβδόμης
692 994 882 1042 μυστικός,
905 994 1048 1037 κλεινός
1071 997 1372 1042 πρωτασηκρῆτις

409 1036 524 1080 εὐθὺς
546 1038 565 1076 ὁ
594 1038 657 1077 ἐπὶ
676 1042 745 1077 τοῦ
767 1043 947 1087 στρατοῦ,
970 1042 1210 1087 δρουγγάριος
1232 1044 1299 1076 τοῦ
1323 1040 1467 1087 στόλου,

410 1081 431 1119 ὁ
455 1086 529 1119 τῶν
550 1087 687 1131 σχολῶν
707 1084 930 1130 δομὲστικος.
978 1085 1018 1122 οἱ
1037 1084 1082 1121 δ’
1106 1083 1187 1132 ἑξῆς
1207 1089 1271 1132 τῆς
1292 1085 1439 1134 ὀγδόης,

342 1128 388 1165 35
412 1128 524 1175 αὐλῆς
545 1128 565 1165 ὁ
588 1131 844 1177 πριμμικήριος
860 1131 1195 1177 πρωτοσπαθάριός
1216 1145 1268 1177 τε,

409 1172 534 1219 ἅρχων
554 1173 574 1211 ὃ
598 1174 709 1223 μέγας
732 1173 806 1222 μετ’
829 1174 963 1217 αὐτοὺς
982 1176 1046 1211 καὶ
1069 1175 1089 1212 ὁ
1113 1179 1179 1218 τάς
1199 1178 1265 1222 τῆς
1287 1174 1400 1223 αὐλῆς
1423 1190 1475 1224 τε,

404 1218 425 1253 ὁ
450 1217 563 1264 μέγας
583 1233 621 1256 τε
643 1220 840 1264 τζαούσιος.
887 1220 926 1256 οἴ
950 1219 993 1256 δ’
1018 1218 1099 1265 ἑξῆς
1121 1224 1185 1266 τῆς
1207 1220 1376 1268 ἒννάτης,

410 1266 574 1309 πραίτωρ
595 1268 663 1302 τοῦ
683 1266 825 1312 δήμου,
849 1266 1041 1302 οἰκειακῶν
1062 1266 1156 1312 ὁμοῦ
1178 1266 1198 1302 ὃ
1223 1267 1436 1315 λογοθέτης,

411 1311 485 1344 τῶν
507 1313 679 1354 λογιστῶν
699 1311 718 1348 ὁ
743 1310 927 1357 μέγιστος,
952 1310 974 1346 ὅ
997 1324 1036 1347 τε
1059 1312 1198 1358 δεήσεις
1219 1312 1357 1358 φέρων,

343 1352 391 1388 40
411 1351 494 1399 μεθ’
515 1354 578 1396 οὓς
601 1355 871 1402 άρχιδιάκονος.
916 1354 955 1391 οἴ
974 1355 1014 1392 δ’
1040 1353 1123 1402 ἑξῆς
1143 1360 1208 1403 τῆς
1230 1358 1401 1403 δεκάτης,

411 1399 646 1446 σκουτάριος,
670 1402 972 1447 πρωτοκύνηγος,
994 1400 1184 1448 άμηράλης
1208 1401 1302 1447 ὁμοῦ
1323 1415 1374 1448 τε,

413 1444 477 1480 ναὶ
498 1444 570 1491 μὴν
592 1445 816 1491 άκτουάριος
837 1448 901 1483 καὶ
922 1445 1193 1493 ἀδνουμιαστὴς
1213 1446 1334 1493 μέγας.

412 1491 479 1535 τῆς
501 1487 697 1536 ἑνδεκάτης
717 1490 881 1536 πέφυκεν
902 1489 922 1526 ὁ
947 1489 1094 1536 ἔνδοξος
1118 1494 1325 1538 κοιαίστωρ,

415 1532 438 1569 ὅ
458 1547 497 1571 τε
520 1540 779 1583 στρατιωτικοῦ
800 1534 1006 1583 καταλόγου
1022 1536 1237 1586 λογοθὲτης.

370 1727 403 1748 v.
425 1717 478 1750 16.
502 1714 700 1762 διάχρυσον
721 1714 950 1763 ἐμφαίνοντα
977 1718 1019 1756 τὸ
1050 1717 1128 1756 ἅνω
1158 1717 1268 1764 μέρος
1298 1717 1430 1766 μόνον]
1476 1720 1556 1767 pilei
1584 1721 1722 1756 inferior

279 1770 359 1803 pars
388 1757 462 1806 ἀήρ
496 1763 627 1797 Codino
660 1769 819 1809 vocatur,
851 1778 918 1811 quo
947 1778 1019 1801 cum
1046 1767 1232 1809 caruerint,
1263 1771 1301 1800 ut
1336 1766 1383 1800 ait
1413 1779 1444 1801 c.
1479 1769 1500 1801 5
1531 1779 1565 1811 ρ.
1597 1769 1641 1803 18
1680 1768 1723 1801 14-

278 1810 315 1837 et
338 1817 442 1851 seqq,
473 1808 589 1842 horum
613 1810 806 1844 officialium
830 1809 979 1846 σκιάδια
1003 1813 1061 1846 vel
1085 1814 1196 1854 πῖλα,
1228 1812 1283 1845 issa
1311 1811 1459 1846 eodinus
1479 1812 1614 1857 scripsit
1636 1824 1722 1857 χρυ·

277 1850 477 1886 σοκόκκινα
497 1851 672 1888 κλαπωτά
694 1852 784 1888 ἄνευ
807 1853 935 1900 άέρος,
968 1868 1056 1902 quae
1082 1856 1136 1892 hic
1158 1857 1353 1891 Matthaeus
1372 1856 1573 1901 διάχρυσον
1593 1854 1722 1902 ἐμφαί-

277 1905 392 1929 νοντα
414 1895 456 1931 τό
479 1894 559 1932 ἄνω
582 1896 692 1942 μέρος
708 1897 826 1944 μόνον
848 1903 1002 1939 asseruit.

372 1952 407 1975 v·
435 1944 491 1977 19.
526 1939 589 1978 ἐπὶ
609 1946 676 1978 τοῦ
696 1946 921 1991 κανικλείου]
966 1950 1059 1982 retro
1083 1950 1222 1982 cunctos
1249 1945 1436 1981 numeravit
1460 1947 1549 1982 hunc
1570 1947 1720 1982 eodinus

280 1995 310 2020 c.
333 1985 356 2020 2
378 1986 413 2019 in
435 1988 537 2021 calce.
583 1989 668 2022 ratio
692 2001 794 2034 penes
815 1991 920 2036 ipsum
945 1997 1010 2026 est.

370 2031 452 2075 {bid
480 2033 553 2066 τῶν
574 2034 758 2079 σεβαστῶν
780 2032 799 2069 ὁ
824 2036 983 2080 πρῶτος]
1005 2032 1314 2081 πρωτοσέβαστος.

371 2087 405 2109 v.
428 2078 485 2111 22.
512 2076 701 2122 βαΐουλος]
726 2080 867 2113 omnium
891 2081 1037 2115 ultimum
1059 2081 1230 2114 recensuit
1251 2081 1398 2115 eodinus
1420 2093 1451 2116 c.
1471 2083 1496 2118 2
1516 2093 1550 2127 p.
1578 2082 1621 2116 13
1641 2082 1675 2116 3.

371 2131 407 2155 v.
430 2123 486 2156 24.
511 2121 623 2164 ἔξεστι
645 2123 764 2163 πίλοις
785 2122 966 2166 τοιούτοις
985 2126 1166 2171 χρῆσθαι]
1191 2126 1339 2161 eodinus
1364 2139 1394 2162 c.
1414 2126 1438 2162 4
1460 2139 1494 2173 p.
1521 2128 1566 2162 20
1585 2128 1642 2161 21.

370 2177 405 2200 v.
431 2169 487 2202 25.
508 2169 713 2212 κλαπωταί]
737 2181 772 2214 p.
792 2171 838 2203 20
861 2172 917 2204 20.

372 2223 406 2245 v.
430 2213 486 2247 31.
515 2209 535 2246 ὁ
559 2213 772 2256 φιλοσόφων
793 2211 951 2260 ὕπατος]
985 2227 1092 2260 prave
1122 2216 1255 2261 quidam
1289 2217 1553 2262 interpretantur
1573 2217 1720 2261 philoso-

282 2255 421 2299 phorum
444 2259 620 2302 consulem,
650 2259 707 2304 qui
727 2271 902 2304 supremus
925 2261 1020 2306 quasi
1039 2258 1254 2304 ὑπέρτατος.
1301 2267 1454 2297 ornatum
1476 2263 1540 2297 hac
1561 2263 1723 2306 dignitate

281 2301 579 2337 nominatissimum
594 2304 738 2338 Psellum
763 2306 868 2339 refert
890 2306 1064 2341 cedrenus
1088 2307 1129 2342 ad
1154 2307 1311 2341 historiae
1337 2309 1482 2351 calcem3
1508 2319 1604 2352 quem
1625 2310 1722 2342 Anna

282 2346 462 2382 Alexiados
484 2348 506 2382 1.
531 2349 551 2383 5
576 2349 793 2393 φιλοσοφίας
816 2347 962 2395 ἁπάσης
983 2353 1192 2396 προεστῶτα
1215 2350 1438 2387 διδάσκαλον
1468 2354 1530 2389 καὶ
1553 2350 1721 2388 ’Ὕπατον

281 2392 356 2424 τῶν
377 2391 590 2437 φιλοσόφων
610 2394 878 2439 χρηματίσαντα
899 2402 1009 2431 vocat.
1057 2399 1270 2443 consulatur,
1292 2398 1402 2442 magni
1424 2399 1509 2432 enim
1532 2404 1604 2442 est,
1628 2399 1719 2432 Ana-

283 2436 322 2469 tii
346 2448 508 2482 nuperum
530 2443 565 2473 et
587 2439 811 2474 doctissimum
833 2442 1025 2485 opusculum
1055 2444 1098 2478 de
1126 2443 1259 2479 Psellis.
1305 2444 1391 2478 hunc
1413 2444 1590 2479 officialem
1611 2443 1722 2478 omisit

284 2481 339 2515 vel
360 2482 531 2526 ignoravit
558 2485 702 2519 eodinus
725 2485 758 2519 in
783 2487 948 2531 catalogo.

376 2551 408 2576 v-
433 2541 491 2575 36.
517 2539 538 2575 ὁ
562 2542 644 2586 τοῖς]
671 2542 714 2576 de
738 2543 876 2577 nominis
899 2544 970 2576 eius
993 2543 1162 2579 varietate
1185 2557 1246 2581 nos
1270 2558 1344 2592 cap.
1370 2545 1556 2591 superiore.

376 2607 408 2629 v.
430 2597 487 2632 40.
512 2594 786 2643 άρχιδιάκονος]
818 2599 875 2644 qui
906 2600 1063 2644 palatinis
1094 2601 1129 2634 in
1161 2602 1313 2636 ecclesiis
1342 2603 1572 2644 ministrabat,
1606 2612 1648 2634 ac
1677 2599 1721 2634 de

285 2640 436 2675 oratione
461 2647 496 2676 et
518 2644 625 2678 sacris
647 2650 783 2678 cunctos
805 2645 931 2678 aulicos
955 2657 1015 2689 pro
1038 2657 1174 2680 munere
1196 2649 1366 2684 monebat.

376 2708 409 2732 v.
432 2697 486 2731 42.
512 2695 532 2732 ὁ
558 2697 794 2745 α’κτουάριος]
833 2701 1001 2735 actuarius
1028 2703 1079 2736 cui
1102 2714 1252 2736 annonae
1277 2703 1426 2737 militaris
1445 2714 1522 2737 cura
1547 2702 1722 2736 commissa

287 2743 358 2775 est:
383 2742 431 2775 ita
456 2743 589 2778 Notitia
612 2745 760 2790 imperii,
785 2746 932 2780 Lexicon
954 2746 1049 2780 iuris.
1097 2759 1212 2781 rursus
1235 2749 1276 2782 de
1299 2749 1353 2782 illo
1377 2749 1548 2789 catalogus
1569 2757 1722 2790 sequens,

286 2797 383 2830 quem
402 2787 491 2822 inter
513 2790 656 2825 medicos
680 2795 717 2824 ut
738 2792 782 2826 de
802 2791 946 2826 sanitate
968 2792 1093 2827 tuenda
1113 2793 1287 2828 sollicitum
1311 2794 1412 2829 locat.
1456 2793 1532 2828 vide
1554 2803 1587 2826 v.
1611 2793 1668 2827 98.
