1864 3164
328 180 427 226 316
546 179 820 226 GRETSERI
837 182 910 225 ET
933 180 1106 225 GOARI
1125 180 1558 225 COMMENTARIUS

328 287 511 342 ὁδηγῶνς
548 289 734 328 ferebatur
759 292 883 328 autem
912 289 1061 341 pietatis
1076 301 1188 328 causa
1204 290 1254 328 ad
1275 289 1396 328 aulam
1413 289 1548 329 ultimis
1567 291 1776 342 quadrage-

324 347 439 384 simae
466 346 616 396 diebus,
648 358 781 397 nempe
808 346 900 383 feria
931 346 993 383 illa
1023 347 1154 396 quinta
1177 358 1272 396 quae
1290 350 1454 386 nostram
1473 348 1692 386 dominicam
1710 348 1775 386 Iu-

326 403 408 440 dica
435 404 641 449 antecedit3
679 402 927 451 manebatque
957 403 995 440 in
1023 403 1164 454 palatio
1196 415 1315 452 usque
1341 404 1390 441 ad
1417 405 1616 442 secundam
1644 405 1773 442 feriam

325 458 538 505 Paschatis;
563 471 636 507 quo
658 459 717 495 die
735 459 963 496 referebatur
980 459 1020 496 in
1036 460 1298 497 monasterium
1316 463 1355 497 et
1376 459 1555 511 templum
1575 462 1658 500 ταῖν
1677 459 1776 509 ὁδη-

326 518 424 567 γῶν.
480 520 539 552 est
556 515 648 552 haec
663 515 808 564 imag0,
837 516 886 552 ad
905 527 1036 565 quam,
1064 519 1174 567 capta
1191 515 1238 552 ab
1255 515 1474 554 Andronico
1494 516 1632 555 iuniore
1651 516 1775 567 cpoli,

325 570 558 609 Andronicus
575 571 699 608 senior
724 570 883 622 supplex
902 571 1078 621 confugit.
1132 584 1210 609 rem
1232 575 1360 609 narrat
1376 572 1609 622 Nicephorus
1630 571 1776 622 Grego-

184 627 215 662 P
237 628 306 664 234
326 640 386 664 ras
417 628 440 664 Ι.
469 630 496 669 9
525 641 561 677 p.
591 626 674 668 422
695 626 816 665 Bonn.
873 640 955 665 cum
981 631 1104 666 autem
1130 631 1228 665 teste
1256 629 1388 666 eodem
1415 627 1586 678 Gregora
1610 626 1667 668 24
1695 629 1774 666 dies

323 683 412 721 Maii
441 686 615 732 ageretur
634 684 785 732 quando
801 696 824 721 a
842 684 983 722 iuniore
1008 683 1220 722 Andronico
1240 684 1370 735 Cpolis
1390 688 1500 735 capta
1518 688 1597 732 est,
1623 696 1775 722 necesse

322 743 381 777 est
400 739 594 788 imaginem
613 739 762 788 virginis
781 739 1034 794 Hodegetriae
1049 743 1153 779 extra
1173 740 1338 778 ordinem
1359 741 1628 791 praescriptum
1648 741 1686 777 in
1705 753 1775 791 pa-

322 796 413 833 latio
432 796 566 842 fuisse;
594 798 632 832 et
659 797 757 834 forte
786 795 1021 836 Andronicus
1038 797 1160 834 senior
1178 797 1382 835 defectione
1402 796 1464 835 illa
1490 797 1638 847 nepotis
1657 800 1695 834 et
1714 809 1774 843 as-

322 851 500 890 seclarum
519 855 722 890 commotus
746 865 826 892 eam
844 853 882 891 in
900 853 1078 905 palatium
1104 852 1226 891 solatii
1252 856 1291 891 et
1313 853 1468 891 subsidii
1497 866 1609 892 causa
1635 865 1774 905 appor-

323 909 478 947 tandam
500 912 701 946 curaverat.

436 965 537 1009 Quid
561 964 806 1003 venerationis
830 963 987 1002 Michael
1006 963 1249 1015 palaeologus
1281 965 1482 1016 imperator
1512 964 1661 1015 imagini
1689 964 1771 1002 Ho—

322 1022 532 1072 degetriae,
559 1020 720 1073 expulsis
744 1019 888 1060 Latinis
915 1021 1049 1074 Cpoli,
1077 1022 1271 1072 detulerit,
1299 1022 1452 1073 exponit
1478 1021 1666 1072 Gregoras
1693 1020 1718 1059 l.
1743 1019 1771 1061 4

320 1091 348 1129 P
431 1132 548 1170 Porro
575 1132 754 1184 templum
780 1135 861 1172 ταῖν
889 1131 1047 1184 ὁδηγῶν
1082 1134 1288 1171 aedificavit
1323 1131 1515 1171 Pulcheria
1546 1132 1773 1185 imperatrix,

318 1189 358 1225 in
382 1200 457 1237 quo
483 1188 643 1227 divinam
671 1190 845 1239 deiparae
874 1189 1068 1239 imaginem
1101 1190 1286 1241 reposuit,
1324 1202 1436 1238 quam
1462 1187 1586 1228 Lucas
1612 1202 1772 1240 evange-

319 1245 406 1282 lista
427 1245 465 1281 in
492 1244 621 1283 tabula
645 1245 830 1296 depictam
854 1245 1020 1295 reliquit,
1050 1250 1092 1283 ut
1120 1246 1172 1283 ait
1190 1245 1423 1296 Nicephorus
1445 1244 1496 1285 14
1516 1248 1555 1286 2.

429 1301 526 1337 Cum
552 1299 719 1338 Isaacum
748 1299 933 1351 Angelum
964 1302 1051 1352 imp.
1080 1302 1322 1352 Cpolitanum
1341 1301 1484 1339 Branas
1503 1304 1604 1339 arcte
1622 1299 1770 1338 obside-

317 1360 398 1405 ret,
427 1356 627 1407 imperator
658 1357 717 1394 dei
743 1359 926 1405 genitricis
953 1359 1162 1406 imaginem,
1201 1371 1289 1408 quae
1309 1358 1354 1395 ab
1379 1357 1544 1406 Hodegio
1563 1358 1769 1395 monasterio

317 1412 536 1461 Hodegetria
559 1415 804 1462 nuncupatur,
838 1414 877 1449 in
905 1415 1037 1450 moenia
1068 1426 1133 1463 pro
1159 1414 1256 1450 vallo
1274 1412 1546 1462 inexpugnabili
1569 1413 1769 1460 transtulit,

317 1471 361 1505 ut
380 1468 506 1505 scribit
522 1466 674 1505 Nicetas
693 1467 896 1505 Choniates
914 1467 939 1505 l.
960 1469 983 1508 1
1006 1469 1054 1506 de
1076 1469 1186 1506 rebus
1210 1468 1327 1520 gestis
1351 1468 1470 1507 Isaaci
1498 1466 1644 1518 Angeli.
1700 1479 1769 1506 nec

318 1525 478 1573 frustra,
499 1527 543 1561 ut
560 1523 646 1561 felix
664 1523 783 1561 exitus
801 1523 1010 1561 declaravit.

430 1581 486 1618 Ut
509 1580 761 1617 iusiurandum
778 1592 823 1617 eo
850 1580 988 1617 firmius
1017 1582 1139 1629 esset,
1173 1579 1290 1618 voluit
1306 1578 1539 1618 Andronicus
1560 1580 1683 1618 senior
1701 1580 1769 1617 im-

318 1640 468 1688 perator
485 1636 554 1673 sibi
573 1636 662 1673 illud
681 1636 759 1673 dari
792 1649 816 1674 a
849 1635 1028 1674 Michaele
1054 1635 1237 1686 catharo,
1270 1639 1408 1687 nepote
1437 1649 1529 1687 suo,
1560 1649 1682 1674 coram
1709 1649 1770 1674 sa-

318 1698 510 1731 crosancta
529 1693 687 1742 imagine
705 1692 932 1730 castissimae
958 1693 1016 1730 dei
1043 1693 1228 1742 genitricis
1255 1693 1527 1743 Hodegetriae,
1568 1697 1612 1731 ut
1643 1692 1770 1731 scribit

321 1749 509 1799 Gregoras
534 1749 556 1786 l.
579 1752 616 1790 8.
671 1749 941 1798 Hodegetriam
966 1762 1077 1802 porro
1099 1749 1366 1800 interpretatur
1388 1749 1543 1788 wolfius
1569 1751 1649 1788 viae
1673 1761 1769 1787 mon-

318 1808 513 1845 strati-icem
529 1817 596 1843 seu
614 1804 812 1844 ductricem.

410 1882 496 1917 ibid.
551 1871 634 1914 vere
667 1880 797 1926 quidem
833 1882 1019 1916 Gretserus
1046 1877 1116 1925 τὴν
1147 1878 1276 1916 εἰκόνα
1307 1880 1374 1925 τῆς
1400 1877 1653 1925 θεομήτορος,
1687 1874 1770 1923 ἥτις

317 1921 359 1960 ἐκ
393 1928 460 1970 τῆς
486 1927 559 1960 τῶν
585 1923 751 1970 Ὁδηγῶν
781 1928 915 1971 μονῆς,
950 1923 1038 1960 καθ’
1078 1924 1127 1970 ἣν
1163 1925 1502 1970 προσκεκλήρωται,
1526 1923 1769 1969 Ὁὸηγήτριαν

316 1973 611 2015 προσκεκλῆσθαι
642 1973 751 2005 refert
783 1984 826 2006 ex
854 1973 978 2006 Niceta
1010 1972 1044 2005 in
1074 1972 1202 2006 lsaacio
1238 1973 1366 2015 Angelo
1396 1972 1421 2008 l.
1457 1973 1488 2005 1.
1524 1970 1662 2005 eandem
1685 1980 1766 2003 vero

315 2023 526 2058 asserturus,
548 2017 591 2050 ad
614 2027 714 2061 quam
740 2018 824 2050 bello
848 2028 984 2061 pressus
1008 2022 1043 2050 et
1066 2028 1087 2050 a
1111 2022 1233 2060 nepote
1262 2023 1382 2060 captus
1414 2017 1528 2050 senior
1556 2014 1767 2050 Andronicus

315 2062 528 2106 confugerit,
552 2066 590 2095 ut
612 2074 684 2095 eam
709 2062 879 2107 amplexus
911 2062 1004 2094 vitae
1033 2061 1268 2105 libertatisque
1300 2061 1536 2095 immunitatem
1567 2071 1768 2105 assequere-

314 2112 392 2149 tur,
418 2119 455 2141 se
476 2111 605 2140 tantum
629 2112 767 2141 auctore
790 2111 827 2140 et
848 2111 936 2140 teste
959 2106 1072 2139 firmat
1094 2107 1280 2140 Gretserus
1312 2118 1354 2140 ac
1382 2106 1511 2140 nonnisi
1534 2105 1652 2139 dubius
1676 2105 1767 2139 vati-

313 2152 456 2186 cinatur.
481 2152 588 2186 satius
613 2163 686 2185 eam
709 2151 869 2192 dixisset,
893 2162 1001 2196 quae,
1024 2151 1193 2186 referente
1215 2151 1394 2186 Vincentio
1417 2152 1453 2186 in
1475 2153 1579 2195 Spec.
1602 2150 1695 2185 Hist.
1720 2151 1767 2186 23

314 2198 403 2242 147,
425 2197 486 2232 sub
509 2197 622 2231 Leone
645 2197 760 2231 Isauro
783 2208 845 2241 per
866 2208 975 2230 muros
997 2196 1090 2231 urbis
1117 2197 1175 2231 ΟΡ
1197 2197 1300 2231 ducta
1331 2197 1465 2232 foedum
1489 2195 1668 2231 Saracenis
1691 2207 1767 2231 eam

313 2245 430 2278 urbem
458 2242 688 2278 obsidentibus
698 2241 816 2296 intulit
837 2242 1066 2295 naufragium,
1088 2239 1315 2298 ‹idmsvfftgwcv
1334 2243 1496 2288 siquidem
1511 2243 1619 2277 refert
1632 2252 1653 2275 a
1670 2242 1767 2276 Luca

313 2287 1766 2379 azm÷1f21¹00‘.20{.{⁵x..¹¹¹133⁸samaruga?;.{.?pzsnd‘33.⁷⁷31‘;’3„¹0212⁰:„253355351

313 2380 422 2415 sitam.
448 2379 607 2414 audacior
629 2378 804 2423 adiungam
827 2379 966 2412 eandem
988 2390 1075 2423 quae
1090 2379 1242 2414 Heraclii
1268 2385 1418 2425 tempore
1444 2391 1465 2414 a
1496 2379 1619 2423 Sergio
1646 2377 1763 2423 ponti-

313 2426 380 2459 fice
405 2426 463 2460 ΟΡ
487 2437 548 2471 per
571 2435 680 2459 muros
701 2424 894 2458 circumlata
915 2425 1065 2468 Scythas
1090 2425 1133 2458 ab
1157 2425 1206 2459 eis
1233 2425 1429 2459 miraculose
1455 2425 1598 2470 depulit:
1630 2424 1763 2468 qualem

313 2471 401 2505 enim
438 2468 662 2516 ὁδηγήτριαν
693 2470 905 2512 Vincentius,
951 2470 1035 2504 hanc
1071 2482 1206 2515 quoque
1243 2471 1406 2505 describit
1439 2480 1625 2514 anonymus
1664 2468 1761 2502 brevi

316 2517 441 2561 publici
477 2517 559 2550 iuris
591 2527 612 2550 a
645 2519 746 2560 patre
778 2515 947 2550 Combefis
978 2516 1162 2551 faciendus.
1199 2514 1352 2559 Σέργιος
1381 2513 1423 2550 δὲ
1454 2513 1474 2550 ὁ
1505 2512 1675 2570 ἷερᾶρχης
1695 2511 1762 2552 τὰς

316 2560 419 2604 ἱερὰς
441 2560 586 2601 εἰκόνας
607 2563 672 2605 τῆς
694 2559 943 2606 θεομήτορος,
974 2558 1033 2600 αἷς
1054 2559 1210 2604 μάλιστα
1232 2562 1295 2596 καὶ
1320 2559 1455 2606 βρέφος
1483 2556 1504 2594 ὁ
1528 2571 1648 2604 σωτηρ
1671 2557 1758 2600 ἐξει-

312 2607 499 2648 κονισθεὶς
521 2603 560 2641 ἐν
585 2603 761 2651 ἀγκάλαις
782 2607 846 2651 τῆς
866 2603 1003 2650 μητρὸς
1022 2602 1211 2650 ἐξεφέρετο
1225 2633 1236 2651 ,
1268 2605 1403 2646 ταύτας
1418 2603 1539 2652 λαβὼν
1558 2602 1698 2651 περιῄει
1713 2600 1762 2638 τοὶ

313 2653 426 2698 τείχη.
455 2650 675 2697 ὁδηγητρίας
696 2656 809 2693 certe,
829 2655 867 2685 ut
889 2652 1135 2696 antiquissima,
1158 2653 1187 2686 si
1206 2665 1226 2686 a
1242 2653 1333 2686 Luca
1350 2652 1536 2694 delineata,
1558 2651 1657 2684 etiam
1676 2659 1760 2695 pue-

315 2710 388 2733 rum
411 2701 519 2733 Iesum
543 2698 628 2732 ulnis
651 2698 944 2743 complectebatur.
967 2697 1009 2731 de
1030 2698 1127 2731 simili
1148 2698 1182 2732 in
1216 2697 1453 2733 Blachernensi
1483 2696 1605 2742 templo
1635 2706 1658 2730 a
1685 2695 1759 2729 Ro-

316 2755 412 2780 mano
436 2746 570 2791 Argyre
592 2748 730 2791 reperta
755 2743 940 2779 Cedrenum
962 2742 1181 2778 disserentem
1203 2744 1352 2790 perlege.
