1832 3178
322 720 396 792 P.
451 720 858 794 IACOBI
916 718 1521 794 GRETSERI

668 881 1185 933 PROOEMIUM.

200 1180 327 1248 Ante
345 1206 487 1257 viginti,
514 1210 553 1244 et
575 1206 677 1256 quod
697 1207 867 1258 excurrit,
894 1221 1011 1247 annos
1024 1209 1186 1248 ‘libenter
1204 1213 1243 1248 et
1261 1209 1456 1261 diligenter
1482 1207 1651 1260 legebam

197 1277 358 1316 libellum
395 1275 547 1325 Georgii
574 1275 709 1312 codini
744 1275 792 1312 de
822 1275 960 1325 Officiis
984 1281 1017 1315 et
1053 1278 1274 1328 Officialibus
1304 1290 1456 1328 magnae
1490 1276 1653 1316 ecclesiae

198 1349 232 1383 et
266 1345 372 1383 aulae
405 1343 620 1395 Cpolitanae.
690 1342 901 1380 testimonio
931 1357 1012 1382 esse
1049 1350 1208 1396 possunt
1231 1350 1342 1384 notae
1374 1346 1424 1382 ad
1449 1344 1652 1382 secundum

198 1416 340 1450 tomum
368 1413 415 1449 de
447 1412 486 1448 S.
510 1412 652 1460 Cruce,
687 1415 726 1448 et
755 1414 866 1448 notae
889 1413 938 1449 ad
958 1413 1143 1452 Codinum
1170 1427 1252 1452 cum
1273 1413 1413 1452 Ethicis
1427 1410 1565 1450 Mureti
1582 1424 1653 1462 pu-

198 1479 377 1529 blicatae,
417 1483 456 1516 et
482 1478 618 1516 Facula
637 1479 782 1515 Codino
808 1491 980 1530 accensa,
1019 1481 1192 1532 evulgata
1220 1495 1301 1520 cum
1328 1481 1492 1518 eiusdem
1514 1478 1652 1517 Mureti

152 1570 155 1572 -
195 1548 236 1585 in
260 1547 433 1586 Tacitum
452 1546 749 1596 Commentariis,
773 1547 948 1585 consultis
967 1553 1006 1586 et
1033 1562 1116 1587 cum
1143 1551 1304 1588 editione
1330 1548 1485 1587 Iuniana
1511 1546 1652 1585 collatis

196 1615 315 1653 tribus
347 1615 486 1652 calamo
515 1613 672 1651 exaratis
702 1615 988 1668 exemplaribus,
1017 1617 1161 1655 duobus
1179 1617 1349 1655 nimirum
1365 1616 1501 1655 Boicae
1522 1614 1654 1653 biblio-

196 1683 337 1731 thecae,
365 1683 475 1719 tertio
495 1680 776 1719 Lautherianae.

309 1751 430 1800 Saepe
452 1762 475 1786 a
502 1762 561 1786 me
582 1750 769 1798 petierunt
793 1750 859 1786 viri
882 1751 981 1788 docti
1006 1756 1049 1790 ut
1074 1751 1261 1788 Codinum
1292 1751 1340 1788 de
1365 1752 1512 1801 integro
1537 1751 1652 1788 inter-

198 1824 374 1869 pretarer.
430 1816 634 1867 paruissem
665 1816 738 1853 iam
770 1817 937 1867 dudum,
975 1820 1006 1856 si
1039 1830 1106 1870 per
1135 1817 1224 1854 alias
1253 1818 1534 1868 occupationes,
1577 1830 1653 1866 qua.

199 1886 364 1938 publicas
393 1885 432 1921 in
455 1883 590 1921 scholis
614 1894 689 1932 qua
712 1883 874 1933 privatas
900 1885 1018 1935 domi,
1052 1884 1224 1923 licuisset.
1280 1897 1379 1922 nunc
1409 1899 1492 1923 cum
1520 1897 1654 1936 perpe-

200 1958 287 1991 tuus
312 1951 442 2002 capitis
476 1950 666 1999 totiusque
691 1950 854 2000 corporis
879 1950 1036 2001 languor
1069 1955 1129 1989 sat
1164 1951 1388 1990 luculentum
1420 1953 1536 1990 otium
1566 1953 1654 1991 mihi

201 2020 407 2072 pepererit,
446 2017 652 2067 Codinum,
693 2029 740 2054 ne
773 2016 882 2067 plane
915 2018 1055 2055 otiosus
1090 2030 1227 2068 essem,
1272 2019 1310 2055 in
1339 2033 1470 2058 manus
1501 2021 1656 2071 sumpsi,

196 2089 313 2137 verti,
353 2084 614 2124 commentaria
639 2083 778 2133 adieci,
816 2096 956 2121 errores
978 2085 1213 2134 gravissimos
1238 2086 1332 2123 Iunii
1351 2088 1494 2138 detexi,
1523 2089 1654 2137 utique

197 2157 237 2194 id
255 2159 326 2193 aut)
337 2167 412 2192 non
432 2154 595 2191 facturus
613 2156 679 2190 aut
707 2164 817 2203 parce
844 2152 1031 2202 facturus,
1073 2154 1238 2202 quamvis
1259 2155 1468 2192 innumeros
1486 2154 1563 2191 eius
1592 2167 1650 2192 er·-

197 2237 300 2262 rores
328 2220 654 2270 dissimulaverim,
697 2219 767 2257 nisi
794 2219 919 2256 Iunius
947 2219 1056 2256 homo
1086 2221 1375 2271 arrogantissimi
1402 2222 1583 2272 supercilii
1611 2226 1650 2260 et

196 2291 396 2330 catholicae
415 2289 503 2327 fidei
522 2287 802 2326 immanissimus
823 2287 940 2324 hostis
961 2287 1112 2335 fuisset3
1133 2289 1196 2338 qui
1216 2303 1297 2327 cum
1316 2302 1339 2326 a
1353 2289 1429 2326 suis
1452 2289 1650 2327 haberetur

196 2364 236 2398 et
263 2358 514 2396 venditaretur
534 2355 742 2405 omniscius‚
772 2356 964 2406 perspicue
992 2356 1157 2393 ostendit
1187 2357 1288 2394 edito
1311 2356 1458 2394 Codino
1486 2356 1555 2394 sibi
1581 2357 1651 2394 hac

197 2426 369 2477 opinione
397 2428 436 2462 et
464 2424 561 2461 fama
583 2423 663 2460 fieri
689 2423 881 2472 iniuriam,
911 2424 942 2460 si
969 2427 1092 2460 tamen
1110 2423 1248 2461 volenti
1267 2424 1346 2461 fieri
1365 2427 1492 2475 potest
1509 2423 1651 2473 iniuria,

198 2494 286 2542 quia
317 2492 443 2529 Iunius
474 2492 569 2542 hanc
592 2492 637 2528 de
657 2503 698 2528 se
717 2491 923 2541 opinionem
943 2495 981 2528 et
1000 2492 1134 2529 samam
1150 2491 1298 2529 volebat
1316 2495 1354 2530 et
1382 2490 1552 2541 fovebat,
1588 2492 1653 2540 qui

198 2560 463 2611 Curopalatam
493 2560 610 2611 primo
642 2559 759 2596 edidit
798 2571 895 2595 anno
928 2559 1172 2610 redemptoris
1213 2560 1319 2600 1588
1355 2571 1400 2596 ex
1433 2558 1652 2596 bibliotheca

199 2627 279 2664 lulii
299 2627 410 2677 Pacii,
434 2640 634 2677 suppresso
652 2641 720 2664 suo
739 2626 899 2675 nomine,
926 2626 983 2663 vel
1002 2627 1125 2677 potius
1143 2626 1181 2662 in
1200 2625 1387 2664 Iudaicum
1407 2628 1652 2663 commutato:

202 2693 375 2732 Naclabus
411 2694 507 2731 enim
544 2695 735 2744 Agmvnius
777 2694 920 2731 senatui
954 2694 1251 2731 Francofortensi
1285 2694 1468 2731 Codinum
1506 2693 1653 2730 dedica-

202 2764 291 2809 bat3
320 2767 359 2800 et
387 2775 433 2799 ne
452 2774 527 2799 non
550 2763 640 2799 satis
665 2759 854 2799 dedicatus
875 2765 987 2811 esset,
1018 2762 1175 2798 eundem
1203 2761 1333 2799 Pacius
1358 2761 1540 2798 dedicavit
1558 2761 1654 2812 Hip-

200 2830 329 2881 polyto
353 2843 375 2867 a
393 2829 572 2878 Collibus,
604 2843 672 2867 suo
698 2830 735 2867 in
765 2829 951 2881 practorio
971 2827 1275 2879 Heidelbergensi
1292 2827 1463 2878 collegae.
1521 2831 1653 2880 postea
