1820 3178
0 2697 7 2737 a,
0 2543 6 2684 ...W-v*
0 2512 2 2529 —

593 190 654 234 IN
680 189 876 235 CODINI
907 189 1020 235 CAP.
1048 189 1083 235 I.
1476 189 1568 236 121

126 299 290 354 ingenito
323 298 423 338 fastu
449 295 620 353 μεγάλου
649 298 758 338 titulo
786 296 935 339 mirifice
959 311 1041 337 sese
1066 298 1381 351 circumspiciunt,
1405 297 1431 341 0‘
1457 297 1576 353 μέγας

128 356 282 413 ῥήτωρ,
301 354 325 397 o‘
342 355 461 409 μέγας
480 351 752 408 σακελλάριος,
780 354 802 396 ὁ
816 354 934 408 μέγας
954 351 1186 408 οἰκονόμος,
1212 369 1295 394 cum
1319 356 1395 395 sint
1413 358 1576 395 omnium

128 426 245 467 prope
264 413 472 452 mortalium
488 412 600 462 longe
618 413 806 450 miserrimi
823 416 978 464 propter
994 413 1122 463 iugum
1141 412 1349 451 Turcicum.

219 501 256 534 p.
277 489 301 524 3
330 489 460 533 penult.
490 484 511 523 ὁ
543 484 656 532 μέγας
686 483 896 531 οἰκονόμος]
935 486 1108 522 oeconomi
1140 487 1251 522 munia
1282 491 1461 523 recensent
1491 489 1578 522 ube-

128 535 200 572 rius
221 534 415 570 Aliatiana„
444 530 464 568 ὃ
526 529 610 577 ε’γας
642 529 837 574 οἰκονόμος
866 533 940 566 τῶν
971 530 1167 578 κτημάτων
1199 530 1337 578 ὀφείλει
1359 530 1455 568 εἶναι
1479 529 1577 577 ἴερο-

129 577 315 620 διάκονος.
363 575 454 613 ὅταν
469 544 523 612 ὃς
536 580 739 623 λειτουργεῖ
758 575 779 612 ὁ
802 574 1009 622 ἀρχιερεύς,
1040 580 1168 623 φορῶν
1184 576 1226 614 τό
1251 577 1438 635 στιζάριον
1460 576 1580 613 αὐτοῦ

129 624 195 662 καὶ
215 623 258 661 τὰ
282 622 444 669 ὦράριον
466 623 610 658 ἵσταται
632 620 672 659 ἐν
694 623 740 670 τῇ
765 622 885 669 (δεξιᾷ
907 623 973 658 add
997 625 1050 669 M)
1082 625 1203 669 μερίδι
1224 625 1291 682 τῇς
1311 624 1419 669 αγίας
1441 621 1577 669 τραπέ-

131 671 206 716 ζης,
229 670 418 717 βαστάζων
439 669 503 704 καὶ
518 665 558 704 ἔν
579 673 661 711 ταῖς
676 667 797 714 χερσὶν
820 667 936 703 αὐτοῦ
957 668 1021 703 καὶ
1043 667 1084 705 τὸ
1109 667 1217 715 ἅγιον
1239 671 1415 713 ριπίδιον.
1462 681 1575 714 προσ-

131 713 237 761 φέρει
260 713 301 751 δὶ
325 715 390 751 καὶ
412 712 477 750 τόν
492 713 670 760 μέλλοντα
685 715 998 795 ἔξιροτονηθῗναι
1020 713 1193 760 κληρικὸν
1214 717 1268 763 τῷ
1285 713 1456 760 ἀρχιερεῖ.
1505 714 1582 751 ἔστι

131 759 176 799 δὲ
196 760 259 796 καὶ
282 757 343 797 ἐπὶ
363 762 440 796 πᾶν
461 761 581 806 κτῆμα
603 761 669 806 τῆς
726 760 885 805 κλησίας,
927 757 1063 802 ξετάζει
1087 759 1255 801 εἰσόδους
1275 761 1339 796 καὶ
1352 758 1501 804 ἐξόδους
1516 759 1583 796 καὶ

130 803 397 852 λογαριασμοῦς
411 803 486 841 α’πό
516 807 594 841 πᾶν
614 807 764 851 πρᾶγμα
790 806 856 849 τῆς
878 801 1089 850 ἐπισκοπῆς.
1135 807 1279 850 κρατῶν
1293 805 1356 841 καὶ
1373 804 1578 852 χαρτουλά-

132 864 214 895 ριον
236 850 413 898 ἀναφέρει
434 852 572 897 ταῦτα,
609 851 673 888 καὶ
695 849 862 895 τετράκις
886 851 954 886 τοῦ
975 848 1112 896 χρόνου
1145 851 1220 897 (δὶς
1242 853 1309 887 τοῦ
1330 848 1503 886 ἐνιαυτοῦ
1524 852 1583 896 Μ)

131 895 312 943 άναφὲρει
342 899 395 933 τῶ
424 895 602 943 άρχιερεῖ,
632 893 883 933 ἐπισκοπεύων
904 895 968 930 καὶ
998 893 1067 941 τὴν
1098 896 1347 942 χηρευομένην
1376 893 1586 942 ἐκκλησίαν,

131 942 258 978 πάντα
281 940 327 978 τά
351 932 480 987 άγαθᾶ
509 940 641 988 αὐτῆς,
666 940 770 996 μέχρι
799 942 865 985 τῆς
891 937 1058 982 ἐλεύσεως
1079 945 1146 978 τοῦ
1167 939 1381 979 ἐπισκόπου.
1429 941 1504 978 ἔστι
1538 940 1584 977 δὲ

102 1034 104 1036 v
130 987 194 1025 καὶ
218 987 271 1030 εἰς
291 986 359 1030 τὰς
380 988 511 1034 κρίσεις
531 984 571 1024 ἕν
592 990 638 1033 τῇ
660 988 761 1036 δεξιᾳ
791 988 860 1021 τοῦ
882 984 1087 1033 ἀρχιερέως.
1133 989 1263 1024 addunt
1292 989 1376 1023 alia:
1413 986 1487 1023 ἔστι
1518 987 1584 1023 καὶ

133 1030 196 1070 ἐπὶ
223 1033 376 1079 ψήφους
405 1035 473 1069 τοῦ
503 1029 704 1069 ἐπισκόπου
743 1034 906 1076 πρῶτος,
944 1031 1128 1078 διανέμων
1165 1034 1230 1069 καὶ
1274 1031 1321 1069 τά
1353 1032 1583 1079 δικαιώματα

132 1082 212 1120 τοῖς
226 1078 402 1124 ἀδελφοῖς
424 1077 555 1136 αὐτοῦζ
572 1076 620 1117 τά
642 1077 736 1122 εἰσερ
761 1076 871 1123 όμενα
895 1078 1022 1114 δίκαια
1044 1081 1110 1123 τῆς
1125 1075 1336 1124 ἐπισκοπῆς.
1382 1090 1448 1114 uno
1472 1080 1581 1114 verbo

134 1125 244 1170 Regia
270 1127 499 1171 scripseruntz
537 1137 557 1160 ο
581 1122 692 1170 μέγας
715 1137 734 1159 c
752 1121 910 1168 κονόμος
933 1121 1004 1169 ἔχει
1025 1126 1099 1160 τῶν
1121 1121 1420 1170 ἒκκλησιαστικῶν
1442 1123 1581 1170 κτημά-

132 1183 207 1206 των
224 1169 441 1216 ἐπιμέλειαν.
487 1182 699 1205 oeconomum
721 1170 894 1204 diaconum
915 1174 1040 1204 tantum
1062 1171 1202 1206 voluere
1219 1171 1421 1217 posteriores
1433 1171 1582 1205 Graeci:

133 1216 294 1251 Ioannem
319 1217 405 1252 enim
429 1217 700 1251 Tabennisiotam
723 1215 869 1250 Zenonis
890 1219 1044 1261 tempore
1066 1228 1108 1250 ex
1131 1218 1330 1262 presbytero
1347 1220 1382 1250 et
1398 1227 1582 1250 oeconomo

135 1262 358 1307 patriarcham
382 1263 606 1297 Alexandriae
626 1264 750 1296 factum
783 1265 945 1295 memorat
974 1261 1222 1308 Theophanen
1254 1263 1339 1296 idem
1371 1263 1433 1296 sub
1466 1263 1580 1295 Hera-

136 1308 255 1343 cleona
283 1308 422 1343 Paulum
459 1309 517 1343 CP
550 1308 678 1354 pariter
707 1307 932 1353 patriarcham
963 1318 1006 1340 ex
1035 1309 1152 1342 eodem
1175 1309 1288 1342 officio
1312 1307 1583 1353 presbyteriique

136 1353 302 1398 dignitate
331 1355 441 1388 refert
470 1359 682 1399 assumptum.
736 1352 779 1387 ab
810 1353 1011 1398 imperatore
1042 1354 1207 1398 quondam
1236 1354 1495 1396 instituebatur3
1537 1354 1581 1388 ab

135 1398 259 1433 Isaacii
279 1399 441 1434 Comneni
464 1404 615 1445 tempore
638 1411 660 1434 a
681 1398 885 1445 patriarcha.
929 1398 1083 1432 Zonaras
1103 1399 1139 1433 in
1161 1400 1286 1433 lsaacii
1309 1398 1472 1432 comneni
1495 1398 1587 1432 vita:

135 1441 206 1488 τὴν
227 1445 301 1479 τῶν
322 1441 621 1489 ἐκκλησιαστικῶν
644 1441 866 1487 πραγμάτων
892 1440 1110 1488 οἰκονομίαν
1141 1445 1190 1490 τῇ
1221 1441 1391 1491 ἐκκλησίᾳ
1416 1440 1589 1487 ἀπένειμε

137 1488 241 1535 μέχρι
255 1488 339 1525 τότε
354 1491 421 1524 τοῦ
436 1488 594 1535 μεγάλου
610 1487 813 1534 οἰκονόμου
827 1487 1146 1533 προχειριζομένου
1161 1488 1264 1533 παρά
1287 1490 1355 1523 τοῦ
1378 1487 1589 1534 βασιλεύον-

138 1547 221 1579 τος,
249 1532 341 1570 ἀλλὰ
356 1533 428 1580 μὴν
454 1534 518 1571 καὶ
544 1537 613 1571 τοῦ
632 1532 919 1578 σκευοφύλακος.
967 1530 1107 1574 ἐκεῖνος
1130 1531 1173 1568 δὲ
1197 1534 1261 1570 καὶ
1286 1532 1397 1578 ἄμφω
1419 1531 1493 1569 ὑπὸ
1519 1532 1590 1578 τὴν

137 1582 206 1662 ξιοιτιῖ
230 1580 458 1664 πῖὶτιῖιάρχου
485 1579 594 1618 ἔθετο
617 1577 799 1626 ἐξουσίαν.
843 1579 925 1614 vide
951 1579 1186 1616 Balsamonem
1216 1580 1252 1616 in
1283 1580 1413 1617 Canon.
1444 1581 1467 1615 9
1491 1580 1593 1615 edicti

199 1637 263 1674 ‘³⁶⁰1’

565 1934 987 1993 CAPUT
1064 1934 1154 1983 ΙΙΙ.

256 2100 294 2140 p.
309 2086 336 2130 4
349 2101 383 2126 v.
401 2089 436 2128 1.
465 2055 539 2128 Ὁ
549 2085 669 2142 μέγας
685 2084 938 2144 causavimus
949 2086 1158 2140 appellatur
1170 2098 1194 2126 a
1208 2085 1348 2125 Ioanne
1358 2086 1475 2126 Citrio
1491 2084 1516 2128 ό
1527 2085 1593 2128 ἐπὶ

143 2150 219 2201 τῆς
238 2146 407 2202 μεγάλης
427 2150 628 2200 σακέλλης.
649 2154 690 2187 at
707 2148 730 2190 ὁ
745 2151 818 2190 τοῦ
834 2150 1037 2189 σακελλίου
1052 2151 1206 2187 vocatur
1232 2160 1379 2198 quoque
1397 2145 1421 2188 ό
1437 2146 1501 2189 ἐπὶ
1521 2150 1594 2198 τῆς

145 2207 289 2256 μικρᾶς
308 2205 496 2257 σακέλλης
512 2204 640 2259 ἤγουν
660 2205 685 2247 o‘
703 2203 968 2257 σακελλάριος.
995 2206 1034 2242 in
1049 2204 1085 2242 T
1088 2204 1320 2254 urcograecia
1335 2216 1411 2241 non
1426 2204 1520 2242 male
1538 2204 1594 2240 di-

144 2261 241 2298 citur
259 2262 428 2299 sacellius.
457 2263 545 2316 quid
566 2274 653 2300 vero
673 2261 837 2312 σακέλλη
854 2274 921 2299 seu
945 2260 1079 2299 sacella
1098 2273 1164 2298 seu
1185 2259 1365 2300 σακέλιον
1388 2273 1454 2297 seu
1486 2258 1599 2299 σακέ-

146 2320 221 2367 λην
234 2329 300 2353 seu
323 2316 524 2359 σακέλλιον
535 2315 556 2356 Ρ
578 2318 634 2355 his
654 2318 751 2356 enim
769 2318 977 2356 nominibus
995 2322 1152 2355 utuntur
1170 2317 1390 2355 recentiores
1412 2315 1559 2363 Graeci,
1576 2327 1599 2351 a

148 2373 280 2423 quibus
298 2373 473 2411 sacellarii
491 2374 616 2424 magni
632 2379 671 2412 et
685 2374 834 2412 minoris
851 2375 1000 2412 nomina
1015 2375 1213 2411 deducunt.
1243 2371 1459 2421 σακὲλλιον,
1479 2371 1601 2420 inquit

148 2429 307 2478 Suidas,
343 2428 577 2481 βαλάντιον,
614 2426 861 2483 μαρσύπιον,
900 2430 940 2479 ἐξ
978 2425 1028 2471 οὗ
1053 2429 1121 2469 καὶ
1155 2424 1420 2477 σακελλάριος.
1476 2427 1600 2475 Hesy-

147 2486 262 2523 chius:
290 2485 466 2534 σακέλλα,
484 2483 584 2526 ὅπου
601 2484 644 2526 τό
669 2487 829 2538 χρυσίον
846 2487 1008 2527 τίθεται.
1036 2484 1241 2525 σακὲλλιον
1268 2483 1424 2533 ὁμοίως.
1444 2494 1512 2519 nec
1531 2483 1602 2518 du·-

149 2541 250 2579 bium
266 2554 400 2579 nomen
418 2542 488 2580 hoc
505 2543 555 2580 ad
576 2542 739 2580 Graecos
758 2543 902 2580 venisse
922 2555 967 2581 ex
982 2541 1119 2580 Latino
1137 2553 1204 2578 seu
1224 2540 1347 2590 potius
1362 2538 1486 2575 multis
1503 2551 1603 2575 com-

150 2597 253 2636 muni
282 2598 483 2648 vocabulo,
520 2611 663 2645 saccus,
703 2600 886 2648 sacculus,
925 2598 1115 2644 saccellus,
1156 2596 1291 2632 extrito
1322 2594 1440 2632 altero
1465 2607 1494 2631 c.
1518 2594 1604 2631 hinc

152 2653 411 2692 Germanicum
435 2654 589 2691 seick-lein
616 2657 655 2691 et
675 2654 784 2692 ceckel
806 2666 874 2705 pro
904 2654 1027 2693 loculis
1035 2667 1049 2698 ‚·
1077 2656 1116 2690 et
1144 2651 1388 2688 seckelmeister
1416 2654 1605 2701 quaestor,

150 2709 351 2760 praefectus
370 2709 504 2748 sacculi
523 2722 589 2747 seu
611 2710 762 2748 saccelli.
805 2707 918 2760 quare
939 2710 971 2747 si
990 2710 1083 2746 duos
1102 2707 1194 2744 istos
1221 2707 1379 2757 propriis
1395 2707 1604 2744 nominibus

152 2764 299 2804 afficere
326 2767 499 2815 velimus,
527 2770 607 2802 tum
622 2764 643 2806 ὃ
661 2764 779 2818 μέγας
802 2761 1053 2817 σακελλάριος
1082 2763 1154 2800 erit
1181 2762 1287 2800 nobis
1312 2763 1371 2801 der
1396 2776 1496 2812 grou
1524 2763 1603 2800 oder

154 2833 292 2870 grener
324 2823 588 2872 seckelmeister,
618 2819 641 2863 ὁ
668 2824 741 2862 τοῦ
775 2822 978 2863 σακελλίου
1007 2832 1072 2857 seu
1103 2818 1226 2857 sacelli
1264 2819 1324 2858 der
1351 2818 1445 2858 klein
1473 2819 1602 2857 sech-el-
