1864 3164
283 161 382 208 296
497 162 770 207 GRETSERI
791 163 864 207 ET
885 162 1061 208 GOARI
1084 163 1533 223 COMMENTARIUS

279 270 334 304 nia
355 269 597 351 ppaecedente,
620 273 657 305 et
679 267 767 316 ἁγία
786 267 850 305 καὶ
871 265 1009 316 μεγάλη
1038 268 1308 317 τεσσαρακοστῇ
1337 270 1445 317 dieto,
1479 270 1656 308 discrImen
1676 283 1734 308 as-

279 316 374 360 signe

391 388 428 427 p.
445 373 498 415 59
529 385 564 411 v,
595 371 659 414 14.
688 371 821 411 Graeci
842 385 920 411 non
946 376 1093 412 tantum
1115 377 1203 412 ante
1230 373 1368 426 pascha
1396 375 1464 413 sed
1492 379 1532 414 et
1549 380 1638 415 ante
1662 375 1735 416 alia

140 432 169 467 P
192 433 262 469 223
286 431 383 468 festa
402 429 619 481 praecipua,
668 432 712 466 ut
735 433 795 467 est
812 429 946 468 natalis
975 429 1138 480 domini,
1181 432 1498 482 quadragesimam
1520 433 1734 482 praemitte-

279 486 391 536 bant,
418 486 486 523 sed
515 485 836 535 quadragesimam
863 498 939 524 non
960 497 1001 524 re
1029 486 1098 524 sed
1123 485 1204 524 solo
1234 488 1405 537 nomine,
1433 491 1566 538 utpote
1597 489 1732 527 ieiunio

280 543 408 595 paucis
445 541 575 579 diebus
612 542 896 593 circumscripto.
951 542 991 580 id
1020 542 1138 580 disces
1161 555 1206 581 ex
1233 543 1481 594 Balsamone‚
1522 543 1585 592 qui
1607 545 1646 583 in
1674 557 1734 583 re-

278 611 420 650 sponso
449 598 497 636 ad
521 596 575 639 53
598 598 851 647 quaestionem
882 596 1000 636 Marci
1026 598 1257 650 patriarchae
1285 599 1525 637 Alexandrini
1554 599 1609 638 ita
1643 601 1733 639 scri-

279 654 354 692 bit:
389 667 450 691 nos
483 653 700 705 defendimus
730 656 865 692 ieiunia
896 657 1085 693 necessario
1113 655 1318 706 praecedere
1336 655 1420 694 haec
1443 658 1608 707 quattuor
1618 655 1734 708 festa,

279 712 443 748 nimirum
456 709 590 760 festum
608 713 805 748 sanctorum
823 710 1078 761 apostolorum,
1101 712 1236 749 natalis
1257 711 1414 762 Christi,
1445 711 1735 764 transformatio·

279 768 336 804 nis
366 765 500 803 Christi
525 769 558 803 et
584 765 642 804 dei
661 769 791 812 nostri,
815 770 848 805 et
871 766 1127 805 obdormitionis
1149 771 1291 806 sanctae
1309 767 1494 819 deiparae,
1519 767 1580 806 sed
1597 772 1736 807 tantum

280 825 406 872 septem
433 822 578 860 dierum.
635 836 743 861 unum
780 825 870 860 enim
898 827 949 862 est
985 822 1227 874 quadraginta
1257 823 1391 862 dierum
1425 825 1592 863 ieiunium
1620 826 1737 863 sancti

278 882 312 915 et
340 881 465 927 magni
491 877 694 919 Paschatis.
752 879 878 929 quodsi
908 880 986 930 quis
1014 879 1094 930 plus
1120 892 1223 931 quam
1249 883 1375 931 septem
1402 879 1522 918 diebus
1553 882 1650 919 circa
1675 878 1737 931 fh-

278 938 372 972 stum
408 937 608 972 sanctorum
639 934 870 986 apostolorum
907 939 941 973 et
970 934 1105 987 sestam
1145 935 1278 974 natalis
1312 935 1448 975 Christi
1484 938 1632 986 ieiunet,
1674 948 1735 974 seu

277 993 398 1040 sponte
424 1002 485 1028 seu
513 990 644 1028 ordinis
667 993 727 1028 sui
751 991 876 1040 regula
915 991 1105 1042 impulsus,
1139 1005 1208 1030 non
1241 992 1513 1043 vituperabitur.
1570 991 1735 1044 quomodo

278 1049 396 1082 mitem
425 1051 458 1084 et
478 1049 615 1097 propter
640 1046 725 1098 quid
757 1051 837 1085 ante
867 1047 1130 1098 unumquodque
1156 1047 1277 1085 horum
1308 1052 1472 1099 quattuor
1490 1040 1663 1100 festorum
1683 1061 1734 1086 tc·

280 1103 405 1139 iunare
431 1102 636 1150 debeamus,
661 1102 875 1141 declaratum
895 1105 934 1141 in
956 1102 1122 1154 synodali
1143 1102 1313 1141 decisione
1332 1103 1375 1141 de
1392 1117 1430 1142 eo
1447 1116 1472 1142 a
1497 1105 1594 1142 nobis
1610 1105 1734 1156 sacta.

282 1159 346 1208 qui
375 1159 490 1205 igitur
515 1171 582 1195 non
621 1160 777 1197 ieiunant
810 1162 893 1196 ante
922 1158 1187 1210 unumquodque
1218 1159 1341 1197 horum
1366 1163 1532 1211 quattuor
1546 1159 1733 1211 festorum,

280 1214 354 1249 sine
383 1212 461 1250 ulla
498 1215 632 1251 omnino
663 1217 904 1264 excusatione,
947 1217 1088 1263 magnis
1118 1215 1388 1253 emendabuntur
1413 1217 1547 1266 poenis.
1602 1216 1732 1254 eadem

279 1267 397 1305 tradit
425 1268 624 1307 Balsamon
655 1270 693 1307 in
721 1270 910 1321 responsis
932 1270 981 1307 ad
1003 1270 1312 1320 interrogationes
1341 1271 1576 1320 quorumdam
1605 1284 1734 1311 mona-

279 1323 451 1374 chorum,
477 1336 574 1374 quae
602 1330 750 1363 exstant
772 1330 861 1376 post
886 1325 1188 1364 Nomocanonem
1214 1326 1351 1365 Photii.

393 1390 528 1429 Graeci
553 1391 825 1440 quiritabantur
850 1392 941 1430 haec
967 1393 1101 1430 ieiunia
1133 1405 1157 1430 a
1185 1390 1332 1431 Latinis
1353 1404 1430 1430 non
1457 1391 1662 1440 observari3
1691 1405 1735 1431 ac

278 1446 437 1497 proinde
470 1446 540 1485 hac
569 1447 681 1485 etiam
702 1459 748 1485 ex
777 1452 885 1498 parte
918 1460 1001 1500 cum
1021 1449 1152 1486 iisdem
1175 1448 1430 1486 concordiam
1420 1460 1503 1486 uun
1521 1460 1598 1486 non
1610 1461 1734 1498 posse.

277 1504 447 1541 instituta
465 1507 499 1540 et
520 1515 628 1540 mores
649 1515 761 1542 omnes
779 1504 920 1542 diversa
939 1507 1072 1542 omnino
1091 1508 1198 1551 sunt,
1223 1489 1346 1554 inquit
1367 1503 1515 1542 Marcus
1535 1503 1734 1556 Ephesius,

277 1560 414 1596 ieiunia
434 1562 468 1596 et
489 1560 580 1597 ritus
607 1559 834 1598 ecclesiastici
851 1564 885 1598 et
912 1560 1059 1598 similia.
1116 1573 1205 1611 quae
1230 1573 1313 1610 ergo
1343 1560 1402 1599 hic
1431 1562 1536 1610 unio,
1562 1561 1626 1600 ubi
1646 1561 1733 1599 nul-

278 1613 352 1652 lum
365 1617 491 1665 patens
509 1627 553 1653 uc
570 1614 797 1666 manifestum
824 1620 968 1667 apparet
998 1616 1167 1666 signum?
1194 1619 1228 1654 et
1248 1616 1413 1667 quomodo
1430 1617 1525 1654 uniti
1539 1619 1642 1666 sunt,
1671 1619 1734 1668 qui

279 1683 348 1708 sua
364 1673 510 1709 retinere
527 1671 677 1709 volunt?
705 1672 772 1710 hac
801 1675 890 1710 enim
924 1671 999 1722 lege
1031 1684 1132 1710 suum
1157 1671 1207 1710 ad
1227 1672 1389 1710 unionem
1404 1672 1594 1724 praebuere
1611 1686 1734 1711 assen-

279 1738 376 1776 sum,
407 1729 568 1776 quamvis
586 1740 610 1765 a
634 1730 778 1778 patrum
811 1727 1061 1766 traditionibus
1085 1728 1303 1766 desciverint.
1359 1728 1562 1779 respondet
1586 1728 1735 1779 Grego-

277 1782 355 1819 rius
383 1783 678 1832 protosyncellus
701 1784 740 1821 in
762 1783 935 1834 apologia
954 1797 1023 1835 pro
1044 1783 1195 1822 concilio
1220 1783 1458 1835 Florentino,
1486 1796 1583 1834 quae
1610 1788 1735 1823 exstat

278 1839 330 1880 ad
367 1839 501 1877 calcem
537 1840 702 1877 eiusdem
731 1840 938 1878 Florentini
961 1840 1101 1878 concilii
1122 1841 1161 1878 in
1188 1840 1277 1878 edit.
1298 1839 1469 1878 Romana
1495 1839 1734 1879 Graeco-La-

277 1894 366 1932 tina.
423 1897 532 1933 nescit
558 1909 660 1945 ergo,
686 1899 727 1932 ut
752 1896 860 1947 plane
890 1896 1052 1944 videtur,
1080 1899 1226 1935 eximius
1252 1897 1309 1934 hic
1327 1897 1384 1934 vir
1399 1899 1518 1934 varios
1532 1899 1572 1934 in
1589 1897 1657 1934 hac
1677 1899 1734 1934 et-

278 1952 352 1987 iam
372 1963 503 1999 magna
523 1952 606 1989 urbe
628 1952 817 2002 Cpolitana
843 1955 978 1990 servari
1002 1965 1127 2000 mores,
1155 1954 1426 2002 ieiuniorumque
1451 1965 1495 1990 ac
1520 1954 1654 1990 rituum
1675 1964 1732 1989 ec-

278 2005 548 2043 clesiasticorum
576 2019 645 2044 esse
669 2007 903 2048 diversitates.
957 2020 1104 2057 namque
1130 2011 1211 2044 ante
1236 2007 1369 2044 Christi
1396 2007 1550 2044 natalem
1568 2010 1650 2045 sunt
1669 2007 1734 2058 qui

279 2060 466 2098 ordiuntur
497 2063 664 2098 ieiunium
689 2075 732 2100 ex
763 2064 820 2100 die
854 2062 905 2103 15
937 2060 1160 2108 Novembris,
1201 2062 1270 2099 alii
1294 2075 1337 2099 ex
1361 2062 1418 2099 die
1451 2065 1477 2104 6
1519 2062 1730 2112 Decembris,

279 2116 348 2154 alii
367 2129 410 2153 ex
434 2117 507 2164 203
538 2117 587 2153 ad
608 2117 762 2154 honorem
786 2130 915 2167 quoque
937 2119 1145 2155 ascensionis
1171 2117 1306 2155 Christi
1326 2117 1468 2168 quidam
1487 2120 1642 2156 ieiunare
1669 2121 1730 2156 in-

280 2174 417 2222 cipiunt
439 2185 484 2209 ex
512 2173 666 2210 calendis
688 2172 806 2220 Maii,
836 2178 869 2210 et
892 2174 968 2211 alia
991 2173 1035 2211 ab
1054 2174 1138 2211 aliis
1158 2175 1290 2211 ieiunia
1313 2174 1546 2212 observantur.
1585 2187 1666 2212 nam
1696 2178 1730 2212 et

279 2230 356 2279 ipso
378 2231 519 2266 sanctae
540 2241 583 2266 ac
604 2241 753 2277 magnae
773 2229 1060 2279 quadragesimae
1088 2233 1232 2280 tempore
1259 2229 1377 2267 diebus
1398 2230 1561 2268 sabbathi
1585 2243 1629 2268 ac
1663 2230 1727 2268 do-

281 2286 428 2322 minicae
453 2283 558 2321 multi
579 2288 764 2322 vescuntur
780 2286 955 2335 piscibus,
983 2286 1067 2324 aliis
1091 2299 1223 2336 quoque
1249 2285 1318 2323 alii
1343 2285 1484 2330 diebus‚·
1513 2290 1593 2324 sunt
1621 2288 1727 2324 etiam

281 2343 344 2390 qui
367 2344 414 2378 iis
435 2342 568 2377 omnino
591 2353 627 2378 se
648 2341 831 2380 abstznent.
890 2342 976 2391 quid
1002 2342 1111 2391 ergo?
1138 2341 1331 2380 dicemusne
1350 2342 1430 2379 illos
1445 2341 1523 2392 fide
1548 2345 1654 2380 etiam
1671 2345 1729 2380 in-

281 2401 332 2434 ter
356 2409 391 2434 se
414 2395 606 2434 disszdere?
641 2398 679 2434 in
705 2398 832 2434 ritibus
856 2410 987 2448 quoque
1010 2397 1252 2435 ecclesiasticis
1278 2398 1486 2435 consuetudo
1514 2401 1566 2435 est
1599 2400 1729 2436 varia.-

280 2465 362 2490 nam
386 2452 575 2502 Cpolitana
601 2454 711 2491 maior
731 2452 870 2490 ecclesia
902 2455 939 2490 in
975 2453 1187 2491 celebrandis
1225 2454 1348 2504 officiis
1377 2453 1451 2490 alio
1482 2445 1573 2491 more
1600 2455 1728 2502 utitur,

280 2509 355 2546 alto
382 2522 460 2546 vero
491 2511 625 2546 maiora
660 2511 890 2555 monasteria,
930 2509 1003 2547 alio
1034 2511 1169 2548 minora
1201 2510 1251 2549 ad
1279 2511 1422 2560 quietem
1454 2508 1727 2557 accommodata,

280 2564 425 2614 denique
462 2564 534 2601 aleo
567 2565 781 2602 sacerdotum
811 2564 1018 2602 secularium
1042 2566 1213 2603 ecclesiae.
1272 2567 1358 2616 quin
1384 2569 1417 2602 et
1453 2563 1490 2602 T
1487 2565 1726 2602 abenneszotae

280 2622 317 2657 in
344 2634 412 2657 uno
434 2620 610 2670 eodemque
633 2622 787 2659 coenobio
808 2622 923 2658 varios
945 2621 1127 2659 ieiunandi
1144 2621 1381 2671 psallendique
1411 2620 1526 2657 modos
1539 2620 1723 2666 habebant,

280 2676 365 2714 aliis
383 2689 447 2726 per
476 2677 619 2714 biduum
656 2677 911 2722 ieiunantibus,
951 2677 1034 2714 aliis
1058 2691 1121 2727 per
1142 2677 1407 2724 hebdomadam,
1443 2679 1476 2713 et
1499 2675 1555 2714 his
1587 2675 1723 2730 quidem

279 2732 328 2769 ad
354 2744 547 2782 vesperam,
583 2732 657 2770 illis
694 2745 771 2771 vero
800 2733 841 2770 de
883 2732 998 2771 media
1030 2737 1126 2770 nocte
1162 2746 1280 2771 sacros
1317 2733 1458 2782 hymnos
1495 2731 1721 2776 canentibus,-

277 2788 369 2839 quod
397 2788 511 2839 fiebat
541 2789 647 2827 etiam
682 2790 722 2828 in
759 2791 963 2828 monasterio
997 2790 1263 2829 Acoemetorum.
1329 2787 1457 2826 subdit
1496 2786 1720 2838 Gregorius:
