1820 3178
281 209 376 255 166
497 207 771 254 GRETSERI
788 207 861 250 ET
881 204 1055 251 GOARI
1072 204 1505 250 COMMENTARIUS

677 339 718 389 C
771 340 814 387 A
869 338 909 386 P
965 336 1015 386 U
1069 337 1112 384 T
1190 335 1321 386 XVI.

852 456 869 475 4
912 442 927 464 ο

276 451 464 525 Variis
455 494 493 519 m
520 482 608 520 locis
639 493 824 521 sacrarum
846 480 1003 519 vestium
1031 479 1281 519 ministrorum
1302 477 1474 518 ecclesiae
1504 481 1727 520 mentionem

278 543 372 584 facit
396 546 585 594 Codinus3
613 557 659 583 ex
689 545 823 594 quibus
846 542 1044 583 nonnullae
1067 543 1155 582 solis
1175 543 1382 597 episcopiS,
1412 542 1506 582 aliae
1531 545 1643 584 etiam
1664 558 1729 584 sa-

276 603 487 640 cerdotibus
517 605 555 640 et
579 601 741 640 diaconis
767 603 1001 652 competunt.
1052 600 1188 652 primas
1220 603 1348 637 teneat
1371 611 1592 652 στιχαριον,
1619 601 1731 640 lucidi

277 661 425 696 vestztus
452 657 654 708 angelorum
681 658 876 704 imitamen,
905 655 1027 705 inquit
1046 657 1196 694 Simeon
1224 653 1565 694 Thessalonicensis
1592 656 1654 696 lib.
1681 657 1730 695 de

281 714 453 765 Templo.
510 717 652 765 saepius
687 716 774 751 enim
805 715 843 751 in
869 717 961 750 veste
980 711 1142 763 fulgenti
1165 712 1307 762 angelos
1333 714 1537 763 apparuisse
1562 715 1732 762 novimus,

278 776 321 809 ut
351 774 385 807 et
410 770 510 808 illum
539 773 578 808 in
609 773 824 808 monumento
850 769 1040 806 salvatoris
1068 772 1263 819 coopertum
1290 768 1382 806 stola
1411 769 1576 810 candida.
1627 782 1733 821 prae-

281 832 376 866 terea
391 839 522 877 purum
547 829 580 864 et
603 827 647 864 ab
672 828 765 864 omni
788 826 1046 876 inquinamento
1072 825 1215 863 liberum
1231 824 1480 863 sacerdotalem
1502 828 1645 863 statum*
1661 838 1734 863 esse

283 886 436 935 oportere
457 883 574 927 daca,-
603 881 754 934 'propter
782 893 884 933 quam
899 883 1091 932 puritatem
1114 883 1222 920 etiam
1235 880 1407 927 ,sacerdos
1431 881 1642 931 liac‘gratz'a
1673 881 1735 920 di-

280 952 375 989 gnus
404 939 586 977 iudicatur
594 952 608 983 ,-
640 939 732 990 quod
758 940 870 989 ipsum
896 941 1064 988 testatur,
1093 950 1170 976 cum
1197 950 1233 975 se
1256 937 1402 975 induem
1425 937 1510 976 haec
1527 938 1633 975 verba
1649 950 1735 989 pro·

283 996 428 1032 nuntiat
467 994 686 1033 “exsultabit
707 996 825 1032 anima
853 1005 930 1032 mea
958 995 996 1032 in
1018 993 1174 1039 domino,
1202 996 1287 1044 quia
1314 993 1433 1032 induit
1459 1007 1511 1032 me
1535 997 1736 1041 vestimento

283 1052 437 1089 salutis²¹
470 1055 503 1089 et
526 1063 616 1103 quae
644 1054 844 1102 sequuntur.
899 1051 1052 1101 episcopi
1071 1053 1188 1088 autem
1211 1045 1411 1101 στιχᾶριον
1429 1049 1571 1101 desuper
1592 1049 1738 1088 descen-

283 1108 404 1146 dentia
423 1108 524 1146 habet
536 1109 714 1159 flumina:
740 1110 790 1144 est
818 1108 909 1144 enim
934 1106 1169 1155 undulatam,
1199 1109 1233 1143 et
1256 1108 1414 1156 gratiam
1436 1105 1582 1144 docendi
1602 1109 1642 1144 in
1659 1109 1736 1158 ipso

284 1167 555 1215 repraesentant.
611 1175 691 1201 nam
721 1166 754 1200 et
789 1165 880 1200 inter
909 1162 1053 1212 angelos
1091 1175 1161 1201 nou
1201 1163 1355 1200 omnibus
1389 1161 1480 1201 idem
1515 1165 1567 1200 est
1595 1162 1678 1200 ordo
1703 1167 1737 1202 et

283 1220 440 1270 gradus,
469 1220 529 1258 sed
553 1220 604 1257 ibi
624 1231 755 1271 quoque
781 1219 850 1257 alii
866 1218 1072 1269 inferiorum
1099 1220 1266 1268 magistri
1281 1222 1378 1256 sunt.
1431 1223 1601 1257 vocantur
1619 1221 1737 1265 autem

278 1277 436 1328 flumina
458 1279 597 1327 propter
619 1288 735 1312 vocem
755 1275 944 1312 salvatoris
962 1276 1000 1313 in
1023 1275 1205 1324 evangelio
1222 1274 1367 1313 dicentis
1384 1274 1476 1326 “qui
1490 1275 1602 1314 credit
1617 1277 1656 1313 in
1672 1287 1738 1322 me,

278 1333 436 1383 flumina
464 1333 506 1370 de
531 1334 646 1369 ventre
667 1333 741 1368 eius
762 1332 882 1381 fluent
910 1343 1024 1381 aquae
1042 1330 1183 1369 vivae-’⁹
1217 1331 1281 1369 hoc
1299 1331 1392 1369 idem
1410 1331 1526 1382 pallio
1551 1330 1740 1383 episcopali
1795 1373 1798 1375 Α

282 1392 438 1426 notatur.
489 1389 646 1439 flumina
665 1386 800 1437 quidem
821 1386 923 1423 habet
943 1390 1084 1438 propter
1112 1400 1154 1426 ea
1183 1399 1271 1437 quae
1295 1387 1470 1435 diximus,
1504 1387 1636 1437 pocula
1658 1399 1738 1425 vero

279 1456 347 1495 pro
375 1448 459 1495 typo
484 1446 610 1481 veteris
637 1447 669 1480 et
697 1455 805 1480 novae
832 1445 988 1490 gratiae.
1045 1455 1135 1493 quae
1159 1445 1264 1481 etiam
1283 1443 1493 1494 fluminibus
1511 1445 1617 1494 quasi
1631 1445 1739 1481 inna-

285 1503 364 1537 tant
374 1515 388 1546 ,·
417 1499 506 1550 quod
531 1513 599 1537 non
615 1498 716 1536 aliud
733 1499 803 1536 sibi
819 1498 898 1535 vult
916 1511 1020 1549 quam
1037 1501 1209 1548 magistro
1226 1500 1300 1537 sive
1318 1498 1453 1537 doctori
1467 1511 1511 1536 ea:
1532 1498 1667 1537 duobus
1682 1503 1739 1536 te·

286 1558 467 1593 strumentis
495 1555 544 1592 ad
567 1555 756 1592 docendum
779 1554 1008 1592 hauriendum
1036 1567 1119 1593 esse.
1174 1558 1280 1593 erant
1308 1557 1433 1592 autem
1460 1555 1634 1593 sticharia
1659 1567 1738 1593 non

286 1612 407 1649 solum
434 1612 610 1660 candida,
641 1611 709 1648 sed
738 1609 916 1648 nonnulla
936 1611 1046 1648 etiam
1070 1623 1282 1662 purpurea,
1315 1622 1411 1660 quae
1437 1622 1462 1648 a
1483 1611 1738 1656 sacerdotibus

285 1676 326 1706 et
352 1668 515 1705 diaconis
536 1671 620 1705 tota
651 1667 934 1716 quadragesima
966 1667 1104 1716 gestari
1126 1671 1287 1705 testatur
1316 1667 1483 1705 Codinus
1509 1681 1539 1705 c.
1564 1671 1590 1711 9
1610 1682 1648 1719 p.
1669 1669 1738 1717 67,

287 1728 444 1775 excepto
464 1725 560 1761 festo
578 1723 891 1772 annuntiationis,
921 1723 1125 1774 palmarum
1151 1727 1190 1761 et
1207 1735 1342 1774 magno
1365 1723 1548 1762 sabbatho
1567 1723 1738 1775 paschae.

400 1780 502 1818 Inter
525 1784 689 1817 caeteras
713 1779 949 1827 quaestiones
982 1791 1074 1828 quas
1096 1779 1292 1829 Bulgariae
1315 1779 1591 1832 archiepiscopo
1603 1779 1739 1816 Deme-

286 1837 359 1874 trio
383 1837 629 1874 Chomatiano
645 1836 772 1888 posuit
793 1836 1062 1873 Constantinus
1086 1836 1277 1874 Cabasilas
1290 1836 1586 1887 archiepiscopus
1599 1834 1740 1885 Dyrra-

145 1902 172 1934 P
198 1902 265 1937 182
288 1894 383 1941 chii,
424 1893 496 1930 fuit
543 1893 638 1941 ista,
693 1904 742 1929 an
778 1896 1066 1929 consentaneum
1100 1893 1150 1930 sit
1185 1892 1223 1929 in
1253 1892 1448 1944 purpureis
1471 1889 1740 1943 pontificalibus

285 1949 536 1998 vestimentis,
567 1949 877 1997 quemadmodum
895 1951 934 1984 et
956 1948 994 1985 in
1021 1948 1132 1996 albis,
1156 1949 1194 1985 in
1217 1948 1401 1992 stichario,
1410 1948 1559 1996 quidem
1569 1947 1740 1998 flumina,

286 2006 326 2042 in
349 2004 544 2055 phaenolio
570 2008 695 2041 autem
724 2016 848 2040 cruces
883 2008 1041 2052 gestare.
1097 2004 1302 2054 respondet
1327 2003 1557 2041 Demetrius:
1601 2015 1742 2040 consue-

289 2061 375 2098 tudo
410 2060 573 2098 ecclesiae
600 2072 778 2109 purpurea
811 2060 1034 2109 pontificalia
1061 2059 1264 2096 indumenta
1301 2060 1477 2110 simplicia
1503 2058 1583 2096 vult
1608 2071 1678 2096 esse
1707 2062 1742 2096 et

288 2119 364 2154 sine
384 2115 640 2166 praedictorum
657 2116 849 2165 fluminum
880 2117 1098 2164 (truciumque
1125 2114 1326 2156 adiectione.
1383 2115 1567 2152 Meursius
1603 2114 1742 2152 sticha-

289 2174 382 2210 rium
409 2172 674 2222 interpretatur
699 2173 842 2208 sticum.-
869 2182 954 2206 nam
986 2170 1129 2206 Glossis
1148 2170 1280 2208 Isidori
1294 2173 1385 2208 stica
1405 2175 1464 2208 est
1482 2171 1617 2209 tunica.
1671 2171 1742 2208 sed

290 2228 379 2266 nihil
408 2227 536 2265 melius
566 2231 624 2263 est
650 2239 762 2275 quam
785 2227 823 2262 in
847 2226 902 2262 his
929 2230 967 2263 et
999 2227 1037 2262 id
1065 2239 1182 2275 genus
1211 2227 1291 2264 aliis
1317 2228 1475 2265 retinere
1503 2227 1646 2265 Graeca
1674 2238 1741 2264 vo-

290 2283 439 2333 cabula,
478 2283 565 2332 quia
589 2283 690 2320 nulla
715 2285 924 2333 suppetunt
954 2281 1090 2319 Latina
1122 2295 1218 2331 quae
1243 2284 1316 2321 vim
1343 2287 1382 2321 et
1411 2283 1597 2333 energiam
1623 2282 1742 2320 Grae-

290 2353 417 2379 corum
445 2341 607 2390 perfecte
630 2339 847 2389 exprimant.
905 2342 1011 2374 erant
1035 2343 1157 2376 autem
1185 2340 1356 2377 sacharia
1387 2339 1566 2390 duplicia,
1605 2350 1741 2389 nempe

294 2396 552 2449 patriarchalia
573 2399 611 2432 et
645 2394 889 2445 episcopalia,
914 2395 1089 2443 insignita
1118 2393 1243 2445 figuris
1271 2396 1388 2433 instar
1418 2407 1585 2446 gammae
1613 2394 1742 2432 literae

295 2456 352 2502 Γ,
378 2456 422 2489 ut
450 2453 552 2502 apud
581 2450 839 2489 Balsamonem
872 2450 1045 2499 legimus3
1077 2452 1280 2489 cuiusmodi
1302 2455 1423 2489 vestes
1458 2450 1743 2502 appellabantur

293 2509 497 2558 gammadz‘a
520 2520 586 2545 seu
608 2508 813 2556 gammatia.
869 2505 1089 2544 Anastasius
1112 2509 1150 2544 in
1168 2507 1296 2545 Leone
1318 2507 1392 2545 111:
1421 2507 1597 2544 columnas
1615 2518 1741 2554 argen-

293 2570 370 2602 teas
400 2569 475 2602 octo
516 2568 549 2601 et
585 2563 790 2612 gammadm
823 2562 905 2599 duo.
962 2562 1072 2614 paulo
1098 2568 1187 2614 post
1215 2565 1318 2615 apud
1345 2565 1503 2601 eundem
1526 2562 1743 2613 scriptorem

294 2620 408 2658 habes
432 2621 653 2670 gammadias
674 2618 928 2670 chrysoclabas.
985 2620 1087 2667 quod
1117 2623 1241 2657 autem
1268 2619 1451 2658 Meursius
1472 2619 1655 2656 existimat
1676 2617 1742 2654 tri-

293 2677 428 2726 gonia,
460 2689 556 2725 quae
587 2676 736 2713 suntin
769 2674 994 2726 phaenoliis,
1021 2687 1103 2712 esse
1130 2676 1250 2726 ipsam
1278 2676 1421 2713 literam
1456 2677 1509 2724 Γ,
1540 2675 1579 2711 id
1599 2673 1741 2710 mathe—

296 2733 437 2769 maticis
458 2731 702 2769 Leidensibus
731 2731 974 2782 persuadeat,
1008 2731 1038 2767 si
1074 2735 1221 2781 potest3
1250 2744 1319 2770 nos
1351 2735 1451 2770 certe
1484 2734 1560 2768 tres
1585 2728 1742 2779 angulos

296 2801 340 2826 ex
365 2789 489 2826 littera
519 2791 556 2828 Γ
575 2789 776 2826 extundere
802 2799 876 2824 non
902 2799 1111 2850 possumus.

407 2844 452 2897 2)
482 2844 643 2896 φελώνη
671 2857 736 2881 seu
762 2838 933 2895 φελόνη,
961 2843 1033 2880 imo
1052 2843 1162 2880 etiam
1183 2839 1402 2894 φαινὸλιον,
1431 2836 1639 2893 φαινόλης,
1669 2851 1742 2890 φὶ·-
