1864 3164
313 203 409 250 288
530 203 802 249 GRETSERI
823 196 896 247 ΕΤ
917 203 1091 249 GOARI
1107 201 1540 248 COMMENTARIUS

310 309 412 356 ἄγων
435 307 618 348 ἐθεάσατο
632 308 711 347 οὖν
731 311 814 351 ταῖς
835 307 950 346 αὐτοῦ
972 307 1094 347 εἰκόσι»
1109 307 1172 347 καὶ
1193 309 1269 346 τοῦ
1284 309 1447 353 Πρίσκου
1467 308 1532 346 καὶ
1553 309 1620 355 τῆς
1642 306 1756 345 αὐτοῦ

311 353 486 411 ’γυναιζιός
516 357 731 413 Δορεντίας,
747 354 938 437 ἴσταμέὲας
970 354 1139 402 εἰκόνας,
1171 353 1235 411 τεαὶ
1273 353 1443 435 &nuptu-sig
1473 354 1628 411 γεγονώς
1660 352 1754 411 ἄπο-

309 401 1355 493 ἕῒέἕέἷαὲὖῖίῗςζ.δηῧῖἒέιέἶςαηῗξξυέἔῶδὶῑᾎπέέἴὴῗο
1383 401 1758 493 12222333255533

313 499 392 528 sunt
417 493 505 534 visi,
529 493 720 538 eisdemque
744 493 918 528 Prasinam
944 493 1050 527 minus
1072 493 1240 527 affectam.
1287 492 1476 537 Theophilo
1506 502 1579 527 eam
1611 492 1656 527 ob
1687 503 1758 527 rem

311 538 347 573 in
372 539 540 573 theatrum
567 538 713 572 venienti
745 537 969 573 succlamabat
997 538 1052 573 illa
1081 537 1171 584 apud
1203 538 1349 572 Leonem
1380 537 1660 572 Grammaticum=
1692 548 1755 572 κα·

314 584 384 623 λοῑς
417 577 555 628 ἦλθες,
589 580 778 628 &dynam
809 580 1041 628 φακτονοέρη.
1087 584 1203 618 borum
1228 594 1271 618 ne
1294 582 1456 627 reliquiae
1479 581 1611 628 quidem
1634 582 1759 617 ultimis

314 629 457 663 saeculis
478 629 559 663 licet
585 629 824 672 remanserint,
854 629 957 664 duces
983 634 1114 671 tamen,
1145 629 1198 662 vel
1220 628 1331 673 quivis
1355 628 1411 662 alii
1441 627 1476 662 in
1506 638 1622 663 eorum
1650 628 1758 662 locum

311 673 507 717 subrogati,
533 674 726 718 imperatori
750 674 782 708 in
827 675 968 709 ublicum
988 674 1180 720 procedenti
1195 684 1269 708 cum
1296 673 1428 708 vexillis
1452 677 1611 719 poterant
1625 677 1758 713 astum

311 719 482 764 iidemque
512 725 592 753 sunt
622 721 680 764 qui
714 730 803 766 popu
818 731 871 754 um
901 731 962 767 per
997 719 1215 754 contubernia
1246 718 1355 754 tribus
1385 718 1540 762 regiones
1561 723 1596 754 et
1619 718 1760 771 collegia

315 764 457 800 divisum
480 765 666 810 regebant,
689 776 774 811 quos
795 765 1070 810 πρωτοπολίεας
1089 776 1110 799 a
1133 764 1342 812 Theophane
1373 763 1519 810 scriptos
1547 764 1759 800 observabis.

425 847 463 886 p.
477 832 532 876 48
551 846 585 872 v.
605 835 671 873 20.
699 834 922 886 antidotum]
942 835 1066 886 inepte
1079 833 1206 872 Iunius
1219 838 1378 872 mutuum
1393 846 1528 874 munus.
1583 833 1760 873 nihilme-

311 889 382 928 lius
409 902 520 939 quam
548 891 670 941 ipsum
700 891 882 929 Graecum
907 903 1040 929 nomen
1068 891 1236 929 retinere.
1292 893 1373 928 erat
1395 890 1501 941 panis
1526 902 1572 929 ex
1597 902 1671 940 quo
1690 903 1760 942 pro

313 947 533 985 eucharistia
559 946 784 984 conficienda
812 959 899 999 pars
929 948 1097 994 desecta,
1125 947 1263 996 quique
1277 950 1365 984 ante
1376 945 1562 996 liturgiam
1581 959 1649 1000 per
1666 950 1760 986 tem-

313 1003 416 1054 plum
446 1002 677 1042 circumlatus
708 1003 839 1042 fuerat.
894 1003 925 1040 is
952 1003 1056 1041 finita
1081 1003 1230 1052 liturgia
1250 1002 1539 1040 distribuebatur
1557 1003 1760 1055 praesenti—

311 1059 382 1097 bus
412 1059 675 1097 benedictionis
705 1060 844 1110 gratia,
871 1063 915 1097 ut
939 1059 1001 1109 qui
1027 1059 1267 1097 eucharistiae
1281 1059 1479 1110 participes
1494 1071 1571 1098 non
1589 1059 1760 1109 fuissent,

311 1115 446 1154 saltem
468 1116 515 1153 de
535 1114 606 1155 hoc
634 1115 827 1154 benedicto
850 1127 946 1167 pane
972 1115 1245 1167 participarent.

403 1191 536 1224 Summa
573 1191 783 1225 Graecorum
826 1201 911 1234 erga
942 1185 1148 1233 ἄντίὸωρον
1187 1188 1430 1225 communionis
1469 1189 1660 1231 vicarium,
1696 1200 1760 1234 ps-

310 1247 386 1270 nem
416 1236 645 1276 benedictum,
680 1235 797 1280 religio
828 1241 901 1277 est,
926 1239 963 1270 ut
994 1235 1023 1270 si
1048 1239 1328 1270 sacramentorum
1352 1247 1418 1269 non
1441 1238 1495 1270 est
1514 1235 1703 1281 partiam,
1723 1235 1762 1270 ii-

309 1281 367 1315 lud
394 1281 557 1326 ipsemet,
594 1281 693 1314 etiam
719 1281 920 1325 imperator,
949 1283 986 1314 ut
1014 1281 1068 1314 hic
1093 1281 1204 1322 vides,
1238 1281 1272 1314 in
1296 1280 1440 1316 ecclesia
1460 1280 1505 1316 de
1526 1278 1626 1316 manu
1645 1291 1762 1316 sacer-

305 1326 395 1361 dotis
417 1326 523 1362 sacris
543 1325 647 1360 finitis
676 1326 829 1371 accipiat.
876 1326 919 1359 de
944 1337 984 1360 eo
1013 1337 1075 1362 nos
1094 1326 1130 1360 in
1150 1325 1398 1371 Euchologicis.

421 1408 458 1447 p.
474 1394 527 1437 49
541 1407 574 1433 v.
594 1398 630 1437 3.
659 1395 880 1448 paegniotae
901 1395 1116 1434 Germanice
1135 1397 1323 1447 spielleute.

401 1470 602 1516 Corruptius
631 1470 826 1515 pronuntiat
855 1470 976 1514 vulgus
1007 1467 1290 1514 παιγνιδιώτας,
1329 1470 1474 1511 lusores,
1514 1468 1574 1515 qui
1604 1469 1762 1505 videlicet

308 1516 428 1552 ludunt
453 1515 587 1550 musicis
618 1515 866 1558 instrumentis,
893 1522 929 1550 et
959 1527 1000 1550 ea
1024 1517 1080 1550 vel
1105 1516 1240 1561 pulsant
1262 1515 1317 1550 vel
1339 1514 1472 1551 inflant.

398 1584 484 1618 ibid.
540 1581 806 1630 βυκκινοίτωρες
830 1581 948 1617 scribit
972 1582 1173 1617 Theodotus
1197 1582 1233 1617 in
1258 1582 1337 1618 Iure
1361 1582 1442 1619 GR..
1487 1581 1670 1617 Choniates
1695 1580 1759 1629 βύ-

306 1641 448 1673 κανον,
472 1628 530 1664 alii
556 1626 717 1675 βύκινον.

419 1689 466 1726 ib.
484 1699 519 1726 v.
540 1687 576 1727 4.
606 1687 801 1725 surulistae
819 1699 842 1723 a
860 1685 1008 1724 surullio
1028 1685 1273 1724 instrumento
1291 1686 1440 1724 musico.
1476 1686 1578 1735 quod
1596 1698 1685 1724 num
1699 1685 1763 1724 Iu-

309 1744 392 1782 nius
410 1747 509 1781 recte
535 1743 574 1780 in
593 1742 895 1781 annotationibus
912 1742 988 1780 suis
1009 1742 1185 1793 explicet,
1214 1743 1296 1792 quis
1310 1755 1378 1780 nos
1401 1746 1522 1780 certos
1539 1742 1681 1780 faciet?

405 1807 645 1853 Symphoniact'
677 1807 882 1847 cornicines,
913 1806 1048 1840 ioueurs
1079 1807 1121 1840 de
1153 1811 1289 1841 cor-netz
1327 1808 1350 1840 ὰ
1385 1807 1545 1851 bouquin.
1601 1806 1764 1852 sympho-

312 1853 411 1887 niaca
440 1853 511 1887 sive
546 1853 672 1886 musica
702 1862 847 1892 cornua,
879 1851 1001 1895 quibus
1025 1851 1201 1886 etiamnum
1227 1851 1326 1885 hodie
1351 1852 1469 1886 ludunt
1490 1851 1684 1886 Dervisides
1706 1863 1765 1886 re·

312 1898 421 1942 ligiosi
456 1899 612 1940 Tumae,
650 1895 851 1940 σουραύλια
873 1900 996 1930 vocant
1031 1897 1176 1939 Graeci,
1200 1897 1393 1931 Dervisides
1425 1897 1579 1931 inflantes
1601 1897 1763 1930 eiusmodi

311 1943 533 1977 instrumenta
557 1939 838 1987 σουραυλιστᾶς,
860 1953 972 1986 voce,
995 1947 1034 1976 ut
1055 1942 1135 1977 mihi
1161 1942 1294 1988 quidem
1319 1943 1476 1985 videtur,
1500 1953 1584 1987 prae
1605 1952 1761 1986 σουρου-

314 1986 436 2028 λιστάς
458 1989 563 2023 minus
589 1992 760 2033 corrupta.
1127 1987 1129 1989 ’

355 2060 362 2065 ·
404 2044 451 2077 ib.
478 2054 512 2077 v.
535 2044 590 2077 11.
614 2039 675 2077 ἐπὶ
695 2043 769 2076 τῶν
791 2039 898 2086 ὤμων
919 2040 1058 2087 αὐτῶν]
1083 2041 1249 2085 Barangi,
1279 2051 1364 2086 quos
1387 2053 1454 2075 non
1479 2051 1544 2075 uno
1558 2040 1635 2075 loco
1657 2043 1762 2077 πελε-

314 2086 505 2132 κυφόρους
537 2089 644 2121 dictos
678 2087 848 2132 reperias,
884 2087 1043 2132 bipennes
1074 2098 1182 2121 coram
1215 2087 1416 2131 imperatore
1441 2086 1585 2121 humeris
1608 2087 1763 2122 solebant

312 2138 460 2177 gestare.
509 2134 604 2166 Anna
636 2131 787 2166 Alexiad.
821 2131 865 2166 4:
904 2128 991 2171 τοὺς
1021 2127 1064 2165 δὲ
1099 2129 1254 2165 ἐπὶτῶν
1277 2127 1383 2176 ὤμων
1403 2128 1450 2166 τοὶ
1473 2127 1673 2174 ἓτερόκοπα
1695 2130 1762 2177 φέ-

313 2190 446 2221 ροντας
469 2176 556 2221 ξίφη
587 2173 891 2220 παρακατασχών.
937 2177 1079 2211 Nicetas
1108 2177 1143 2210 in
1175 2177 1295 2210 Alexio
1326 2179 1367 2212 2:
1409 2174 1473 2211 καὶ
1495 2173 1570 2211 ἀπὸ
1592 2177 1702 2212 τοῦδε
1725 2173 1765 2211 οἷ

310 2220 379 2269 μὲν
401 2220 608 2266 δορυφόροι
631 2219 677 2255 τὰ
700 2219 761 2255 ἐπὶ
782 2221 855 2255 τῶν
878 2218 984 2265 ὤμων
1007 2217 1234 2266 ἑτερόθηκτα
1257 2221 1343 2267 ξίφη
1378 2220 1617 2266 κατήνεγκαν.
1663 2223 1763 2258 Anna

315 2279 433 2304 rursus
456 2269 482 2304 l.
507 2269 549 2303 2:
572 2264 774 2311 συνήγαγεν
795 2263 881 2308 τούς
903 2265 964 2304 ἐπὶ
985 2268 1058 2302 τῶν
1077 2264 1184 2312 ὤμων
1207 2264 1253 2302 τοὶ
1277 2267 1364 2312 ξίφη
1387 2266 1671 2311 κραδαίνοντας.

423 2327 472 2364 ib.
495 2339 530 2365 v.
553 2326 615 2366 15.
664 2321 881 2376 βηλόθυρα]
924 2325 1042 2375 infra,
1080 2338 1162 2363 cum
1191 2326 1238 2362 de
1270 2326 1508 2364 coronatione
1531 2325 1761 2376 imperatoris

311 2383 547 2434 disputatur,
587 2381 781 2430 aliquoties
823 2381 921 2418 idem
959 2393 1094 2419 nomen
1130 2382 1308 2432 occurrit,
1346 2382 1590 2433 compositum
1613 2393 1658 2418 ex
1685 2381 1763 2419 velo

310 2438 449 2477 Latino
478 2443 517 2476 et
545 2437 689 2475 Graeco
713 2432 843 2488 θύρα,
881 2437 1038 2476 velatura
1069 2450 1135 2474 seu
1163 2438 1347 2488 velatura,
1387 2450 1481 2487 quae
1513 2441 1571 2475 est
1599 2436 1681 2474 loco
1707 2437 1762 2474 ia-

311 2507 419 2534 nuae.
474 2493 649 2533 reclamat
668 2492 860 2531 Meursius.
916 2506 983 2533 non
1009 2498 1059 2531 est
1081 2494 1263 2540 velatura,
1293 2494 1455 2543 degeneri
1479 2494 1578 2531 verbo
1590 2492 1762 2542 Romano,

313 2551 374 2589 sed
410 2549 715 2604 παραπέτασμα,
756 2549 846 2600 quod
881 2547 1061 2587 diductum
1093 2552 1222 2587 ianuae
1256 2551 1370 2587 instar
1401 2552 1616 2587 transeuntes
1644 2552 1763 2586 tram-

312 2609 437 2646 mittit.
503 2605 761 2657 Aristophanis
791 2603 1005 2642 scholiastes
1044 2606 1092 2642 ad
1131 2604 1278 2643 Ranas:
1325 2600 1648 2656 παραπετάσμασι
1674 2606 1762 2650 ταῖς

315 2665 500 2713 σκηναῖς,
527 2666 610 2708 τοῖς
630 2664 840 2713 Περσικοῖς
859 2656 999 2711 βήλοις
1016 2657 1045 2712 ἢ
1063 2658 1318 2712 βηλοθύροις.
1373 2661 1441 2698 sed
1467 2671 1541 2697 non
1560 2659 1668 2696 video
1696 2671 1762 2696 cur

316 2714 544 2769 βηλὸθυρον
563 2730 639 2754 non
668 2717 787 2767 possit
809 2728 890 2753 esse
915 2719 1135 2766 utrumque,
1159 2716 1279 2756 velum
1301 2715 1436 2754 scilicet
1456 2715 1606 2764 ianuae,
1634 2718 1677 2752 ut
1691 2727 1761 2752 no-

316 2785 402 2810 men
422 2773 543 2824 ipsum
563 2773 721 2823 indicat,
755 2777 794 2810 et
815 2771 934 2810 velum
958 2771 1039 2810 loco
1067 2772 1208 2810 ianuae.
1263 2772 1374 2810 etiam
1402 2772 1441 2808 in
1459 2770 1673 2822 pontificum
1703 2770 1761 2807 hi-

317 2829 555 2881 storiaapud
583 2827 819 2867 Anastasium
841 2828 1022 2880 occurrit,
1056 2828 1094 2867 in
1121 2827 1312 2881 Stephano
1342 2827 1413 2866 VI:
1453 2827 1548 2878 fecit
1577 2826 1761 2878 velothyra
