1832 3178
506 202 582 246 DE
617 202 855 246 OFFIGIIS
887 202 966 246 GP.
999 202 1113 247 GAP.
1146 203 1203 246 V.
1514 203 1577 249 31

135 317 284 361 ἑαυτοῦ
316 319 458 359 τοῦτον
493 314 589 360 ὅντα
599 348 614 369 ,
652 323 924 375 προσενεγκεῖν
951 321 1011 376 τῷ
1034 321 1207 373 βασιλεῖ’.
1273 315 1419 362 τούτου
1448 318 1579 362 τοίνυν

136 384 261 440 δήλου
288 383 494 442 γεγονότος
521 385 590 428 τὸν
612 386 687 439 μὲν
707 387 878 440 βασιλέα
895 385 1040 438 εὐθύς,
1066 385 1123 437 ὥς
1140 384 1215 441 εἶχε
1226 418 1239 438 ,
1263 391 1486 441 καταβῆναι
1508 391 1580 429 τοῦ

131 456 283 506 ἵππου,
314 454 382 496 καὶ
407 455 542 496 δοῖ-’ναι
571 457 713 497 τοῦτον
733 459 786 512 τῇ
805 456 1033 512 κεκτημένῃ.
1101 456 1183 498 ἐπεὶ
1205 454 1248 497 δ’
1273 455 1346 497 οὐκ
1366 450 1469 510 ἦσαν
1489 453 1578 498 τότε

130 523 249 564 ἵπποι
273 523 475 576 βασιλικοὶ
501 520 712 579 συρόμενοι
722 554 736 575 ,
770 523 920 578 ἐγένετο
943 525 988 566 δὲ
1006 521 1028 566 ὅ
1047 523 1238 577 βασιλεὺς
1257 523 1299 566 ἓν
1316 524 1434 584 χρείᾳ
1453 526 1580 566 ἵππου

101 591 202 635 fixa}
235 590 562 644 ἐκαβαλλίκευσεν
593 591 717 632 ἵππον
740 590 811 634 τὸν
838 589 1031 646 τυχόντα,
1073 589 1225 647 ἐτάχθη
1254 589 1280 646 ἦ
1309 596 1390 634 τῶν
1419 597 1577 649 συρτῶν
1601 596 1632 631 C

132 655 425 712 ἀκολούθησις,
466 656 522 708 ὥς
552 657 627 710 ι’ἰν,
668 657 712 701 εἶ’
732 675 772 702 τι
804 660 1060 715 συμβεβηκὸς
1087 659 1226 714 τύχοι,
1260 659 1397 715 εἷἠσαν
1429 661 1579 716 ἕτοιμοι

129 728 246 770 ’ἵπποι
263 727 466 781 βασιλικοὶ
484 726 586 784 πρὸς
601 725 647 770 τὸ
667 725 986 785 ἀφιππάσασθαι
1005 727 1074 771 τὸν
1091 728 1276 782 βασιλέα.

261 813 327 858 Ἦ
345 814 479 870 μέντοι
507 814 649 872 σπάθη
677 821 750 861 τοῦ
776 818 976 872 βασιλέως
997 817 1059 861 ἀεὶ
1080 820 1135 869 εἷς
1151 819 1196 862 τὸ
1219 818 1453 877 ῥουχαρεῒον
1471 816 1578 875 εὗρί-

133 901 288 935 σκεται,
322 884 374 926 τὰ
403 885 447 926 δὲ
472 881 713 940 ὕποὸήματα
734 888 789 936 εἷς
809 886 855 929 τὸ
876 884 1116 944 βεστιάριον.
1182 885 1265 930 ἔστι
1289 888 1333 930 δὲ
1354 888 1420 930 καὶ
1443 887 1576 943 ἕτερον

80 960 124 995 10
134 951 238 1002 εἶδος
274 949 564 1006 ὑποδημάτων,
611 952 640 995 ἃ
674 958 888 997 καλοῦνται
922 956 1106 1011 τζαγγιά,
1149 953 1290 1010 ἔχοντα
1323 956 1367 998 ἐκ
1399 956 1576 1011 πλαγίων

130 1020 234 1063 κατὰ
263 1019 337 1070 τὰς
364 1018 518 1075 κνήμας
536 1022 602 1063 καὶ
622 1021 684 1063 ἐπὶ
705 1026 786 1065 τῶν
804 1027 964 1079 ταρσῶν
983 1023 1124 1074 ἀετοὺς
1145 1024 1213 1066 διὰ
1232 1025 1362 1067 λίθων
1383 1025 1447 1066 καὶ
1464 1041 1576 1079 μαρ-

128 1088 288 1145 γάρων,
323 1086 438 1130 ἅτινα
470 1090 536 1130 καὶ
571 1096 694 1147 φορεῖ
714 1088 736 1132 ὃ
761 1092 954 1145 βασιλεὺς
986 1091 1041 1142 εἷς
1066 1109 1107 1134 τε
1135 1092 1229 1142 τοὺς
1250 1091 1492 1148 περιπάτους
1511 1093 1577 1133 καὶ

130 1157 204 1207 τὰς
224 1154 456 1213 προκύψας.
522 1159 590 1200 καὶ
610 1156 631 1200 ὃ
653 1163 782 1202 ταῦτα
803 1165 928 1202 ποιῶν
949 1159 996 1201 οὐ
1015 1158 1249 1216 τζαγγάριος
1258 1192 1271 1212 ,
1307 1158 1362 1210 ὥς
1380 1160 1418 1202 οἷ
1437 1161 1577 1216 ἕτεροι,

131 1224 234 1267 ἀλλὰ
253 1224 426 1280 τζαγγὰς
445 1223 692 1278 ὀνομάζεται.
759 1225 927 1281 ὁπηνίκα
948 1232 1044 1284 γοῦν
1066 1227 1197 1283 δεήσει
1215 1228 1286 1270 τὸν
1306 1229 1476 1282 βασιλέα
1499 1246 1574 1270 κα-
1596 1233 1629 1268 D

79 1299 121 1334 15
130 1296 388 1346 βαλλικεῧσαι
397 1324 412 1345 ,
459 1294 571 1350 φέρει
602 1293 924 1350 τὰ’ὗποὸήματα
954 1295 1225 1339 παιδόπουλον
1252 1302 1325 1340 τοῦ
1348 1299 1580 1352 βεστιαριόυ

130 1358 262 1412 ἐκτός,
296 1359 401 1403 οὕτω
428 1366 570 1412 κοινῶς
586 1362 878 1418 ὀνομαζομένου
898 1365 1204 1421 ἀλλαξιμαριόυ.
1272 1363 1581 1419 ἕτοιμασθέντος

130 1424 201 1471 οὖν
217 1431 283 1471 καὶ
303 1429 690 1481 καβαλλικεῦσαντος
709 1437 781 1474 τοῦ
798 1434 1017 1486 βασιλέως,
1046 1434 1084 1476 οἱ
1107 1433 1370 1490 ἀνακαρισταὶ
1389 1432 1580 1488 κροιὲουσι

128 1496 182 1540 τὰ
202 1495 407 1554 ἅνάκαρα,
439 1499 673 1550 σαλπίζουσι
692 1500 737 1541 δὲ
754 1503 820 1542 καὶ
838 1501 876 1542 οἶ
895 1503 1133 1556 σαλπιγκταὶ
1150 1499 1298 1555 ὁμοίως
1314 1503 1380 1542 καὶ
1398 1502 1435 1542 οἳ
1452 1506 1580 1554 βουκ-

130 1562 331 1621 κινάτορες
364 1564 424 1606 δι’
459 1564 639 1620 ὀργάνων
667 1566 864 1624 ἀργυρῶν.
934 1569 975 1609 αἱ
1008 1569 1143 1621 μέντοι
1174 1569 1278 1610 κατὰ
1299 1569 1372 1622 τὴν
1390 1567 1579 1623 τοιαύτην

76 1631 347 1688 Ξῦῖιπηρεσιάν
365 1634 624 1683 σαλπίζουσαι
645 1632 859 1690 σάλπιγγες
877 1635 924 1676 οὗ
946 1636 1050 1676 κατὰ
1071 1636 1144 1685 τὰς
1165 1635 1289 1685 ἄλλας
1313 1638 1385 1678 εἰσὶ
1408 1635 1580 1691 σάλπιγ-

129 1716 226 1755 γας,
254 1699 348 1742 ἀλλ’
373 1698 506 1756 ἕτερόν
524 1717 562 1742 τι
579 1704 731 1755 σχῆμα.
799 1704 920 1754 δηλοῖ
942 1704 985 1745 δὲ
1010 1705 1076 1745 καὶ
1097 1701 1121 1758 ἦ
1143 1708 1223 1746 τῶν
1244 1702 1436 1747 τοιούτων
1454 1703 1579 1761 ὀργά-

217 1862 240 1899 1
263 1846 508 1908 προσαγαγεῖν
529 1862 589 1899 AB
726 1864 772 1901 13
793 1860 869 1909 αἶς]
891 1860 970 1910 ἤως
992 1863 1142 1908 anneis
1164 1862 1216 1908 οὖς
1238 1866 1268 1902 Ρ

125 2007 246 2055 puisse
268 2011 306 2043 et
324 2013 363 2043 ut
385 2019 503 2052 suum,
524 2008 725 2054 imperatori
744 2022 867 2045 munus
885 2011 1066 2047 obtulisse.
1110 2011 1372 2058 imperatorem,
1395 2025 1471 2049 cnm
1489 2013 1576 2049 baec

127 2054 367 2100 comperisset,
394 2055 507 2088 statim
532 2055 568 2088 in
590 2056 740 2100 vestigio
764 2058 986 2091 descendisse
1008 2059 1052 2092 de
1077 2070 1186 2103 equo,
1211 2071 1357 2104 eumque
1379 2060 1518 2095 dedisse
1541 2061 1576 2094 ei

124 2100 223 2134 cuius
254 2106 343 2134 erat.
390 2111 465 2134 cum
498 2106 610 2134 autem
639 2107 722 2135 tunc
751 2113 833 2136 usus
858 2115 1022 2148 equorum
1046 2104 1105 2148 qui
1129 2116 1229 2139 manu
1255 2106 1464 2140 ducerentur
1488 2118 1575 2140 non-

125 2147 205 2180 dum
234 2145 449 2180 introductus
480 2152 590 2190 esset,
628 2152 664 2181 et
693 2147 881 2192 imperator
911 2160 1000 2193 equo
1031 2149 1192 2193 indigens
1223 2150 1361 2185 obvium
1385 2152 1577 2196 equitasset

125 2202 265 2235 equum,
298 2192 471 2225 decretum
494 2191 604 2226 fuisse
626 2197 666 2226 ut
688 2204 763 2227 eum
789 2193 1035 2228 comitarentur
1057 2195 1139 2239 equi
1162 2196 1355 2230 sessoribus
1380 2197 1504 2241 vacui,
1539 2203 1579 2233 ut

125 2236 157 2270 si
183 2237 260 2281 quis
283 2248 382 2271 casus
405 2237 588 2281 existeret,
623 2239 739 2283 parati
763 2245 991 2284 suppeterent
1015 2241 1097 2287 equi
1119 2241 1354 2287 imperatorii,
1382 2243 1442 2288 qui
1465 2243 1577 2289 impe-

125 2286 274 2316 ratorem
295 2294 402 2328 equos
426 2288 608 2317 mutantem
629 2285 843 2329 exciperent.

216 2349 351 2395 Spatha
380 2360 442 2384 seu
472 2349 565 2384 ensis
595 2351 812 2396 imperatoris
841 2363 979 2397 semper
1009 2357 1063 2388 est
1084 2353 1121 2388 in
1143 2354 1325 2399 ruchario‚
1359 2355 1468 2390 calcei
1491 2367 1577 2390 vero

123 2394 161 2429 in
192 2395 372 2429 vestiario.
420 2399 472 2428 est
507 2402 542 2429 et
572 2396 639 2430 alia
670 2397 805 2442 species
837 2397 1050 2443 calceorum,
1082 2399 1143 2444 qui
1174 2401 1394 2435 nominantur
1423 2402 1575 2445 tzangia.

124 2440 359 2485 insigniuntur
381 2451 403 2474 a
425 2439 591 2476 lateribus
620 2443 806 2477 secundum
835 2443 942 2477 tibias
966 2449 1001 2477 et
1023 2444 1059 2478 in
1084 2445 1274 2490 calcaneis,
1309 2446 1433 2490 aquilis
1460 2458 1502 2480 ex
1524 2447 1577 2481 la-

122 2486 217 2532 pillis
250 2490 284 2520 et
313 2486 527 2530 margaritis,
570 2498 655 2532 quos
690 2488 793 2522 etiam
826 2488 938 2523 induit
968 2489 1157 2534 imperator
1190 2492 1233 2525 ad
1266 2491 1507 2536 processiones
1542 2498 1579 2528 et

123 2532 385 2566 ostentationes.
432 2536 468 2565 et
498 2532 558 2576 qui
589 2533 650 2566 hos
679 2534 814 2568 calceos
837 2534 941 2578 facit,
976 2546 1044 2569 non
1068 2536 1265 2580 tzangarius
1288 2536 1364 2570 sive
1388 2543 1504 2581 sutor,
1538 2543 1578 2573 ut

123 2577 253 2621 ceteri,
287 2578 349 2611 sed
371 2583 514 2620 tzangas
539 2588 602 2611 seu
625 2584 766 2613 tzancas
789 2579 994 2625 appellatur.
1041 2581 1314 2625 quandocunque
1336 2581 1445 2626 igitur
1466 2583 1576 2627 impe-

122 2628 272 2657 ratorem
296 2622 454 2668 equitare
478 2628 635 2667 oportet,
659 2624 794 2660 calceos
816 2626 931 2659 adfert
954 2637 1042 2670 puer
1065 2638 1108 2662 ex
1130 2626 1318 2671 vestiario,
1353 2628 1445 2672 quod
1468 2629 1572 2674 vulgo

120 2674 250 2702 vocant
281 2667 538 2702 allaximarium.
584 2674 707 2712 parato
741 2671 807 2704 iam
842 2676 878 2704 et
906 2671 1085 2715 equitante
1115 2671 1323 2716 imperatore
1346 2674 1571 2718 cymbalistae

121 2713 278 2757 cymbala
307 2713 467 2759 pulsant,
501 2713 673 2748 tubicines
695 2716 788 2750 tubis
812 2720 848 2750 et
869 2716 1109 2750 buccinatores
1132 2717 1287 2751 buccinis
1310 2720 1482 2762 argenteis
1507 2733 1567 2755 ca-

120 2764 220 2794 nunt.
264 2759 330 2793 hae
362 2770 445 2793 vero
477 2759 581 2793 tubae
608 2759 687 2793 huic
710 2761 786 2794 usui
809 2762 1002 2796 destinatae
1029 2773 1096 2795 non
1123 2762 1280 2796 referunt
1301 2763 1442 2798 aliarum
1465 2767 1566 2800 tuba-

120 2815 195 2838 rum
223 2804 386 2848 formam,
415 2805 477 2838 sed
501 2804 568 2838 alia
592 2805 737 2849 quadam
761 2807 873 2851 figura
893 2806 1073 2852 praeditae
1096 2812 1189 2841 sunt.
1236 2808 1366 2843 indicat
1396 2810 1462 2844 hoc
1488 2811 1568 2856 ipse

121 2849 224 2884 etiam
255 2861 360 2885 sonus
391 2849 510 2885 talium
531 2849 850 2896 instrumentorum3
886 2853 946 2899 qui
970 2857 1043 2896 est,
1076 2858 1114 2887 ut
1136 2853 1168 2888 si
1191 2853 1268 2900 quis
1289 2866 1332 2889 ex
1351 2855 1479 2902 populo
1501 2857 1565 2891 ali-
