1832 3178
471 521 546 592 P.
612 516 1107 589 IACOBUS
1164 516 1472 589 GOAR

796 632 1165 683 LEcTonl

250 797 390 886 Quod
419 838 487 863 usu
511 824 608 864 solet
633 827 776 865 evenire
800 826 869 865 illis
895 827 959 877 qui
983 828 1080 866 inter
1102 827 1341 879 expurganda
1367 826 1572 864 dirutorum
1601 823 1700 862 aedi—

247 892 411 930 ficiorum
443 894 578 932 rudera
598 898 740 932 veteres
771 895 968 933 offendunt
995 899 1034 932 et
1060 894 1243 932 effodiunt
1272 905 1455 943 nummos,
1493 892 1583 929 illud
1603 892 1702 928 idem

248 959 426 997 hactenus
462 961 659 999 Codiniani
692 963 814 1013 operis
842 962 1105 1013 interpretibus
1145 961 1345 1011 contigisse
1384 961 1587 1009 neminem,
1612 1007 1614 1009 v
1638 958 1703 1007 qui

247 1027 402 1078 legerit,
437 1028 572 1066 infitias
593 1029 730 1067 iturum
749 1034 862 1081 puto,
894 1029 945 1067 illi
972 1030 1155 1079 siquidem
1177 1028 1241 1066 ubi
1266 1030 1413 1079 praeter
1433 1032 1578 1065 omnem
1597 1038 1703 1077 spem

244 1095 283 1132 in
314 1095 465 1144 aliquod
495 1096 675 1134 numisma
697 1097 877 1147 incidere,
914 1110 956 1135 se
983 1096 1184 1148 locupletes
1203 1095 1437 1142 existimant;
1477 1095 1577 1132 unde
1602 1094 1702 1131 facto

245 1163 387 1214 impetu
406 1163 572 1213 irruunt,
601 1167 640 1201 et
672 1165 779 1213 quasi
797 1165 894 1202 foret
921 1165 1101 1202 reconditi
1128 1162 1291 1202 thesauri
1317 1166 1589 1212 argumentum,
1625 1173 1702 1199 ma-

246 1230 315 1268 iori
333 1229 523 1267 conamine
547 1233 683 1269 terram
709 1232 794 1270 hinc
820 1232 908 1270 inde
936 1228 1085 1283 eruunt,
1113 1232 1292 1283 gaudent,
1318 1230 1510 1279 mirantur,
1537 1231 1705 1280 sperant,

247 1301 287 1335 et
327 1299 516 1347 quodnam
547 1298 597 1335 sit
627 1300 764 1337 metalli
796 1312 915 1350 genus
943 1304 1010 1338 aut
1053 1304 1224 1338 monetae
1266 1298 1407 1350 species
1437 1295 1706 1345 unusquisque,

246 1369 361 1416 prout
395 1366 511 1405 menti
542 1367 721 1418 occurrit,
761 1367 1036 1418 interpretatur.
1093 1381 1152 1407 me
1180 1366 1362 1417 Hercule,
1399 1365 1431 1402 si
1469 1376 1544 1401 non
1582 1362 1705 1400 felices

248 1433 411 1484 omnino,
436 1434 468 1471 si
487 1446 564 1471 non
580 1433 712 1471 divites
731 1433 795 1484 illi,
823 1434 934 1473 beata
950 1435 1171 1473 numismata
1192 1447 1288 1485 quae
1305 1434 1345 1471 in
1361 1431 1506 1470 illorum
1527 1431 1707 1468 devenere

247 1513 401 1550 manuS,
435 1512 592 1550 quarum
621 1514 736 1552 opera
766 1505 994 1541 contractam
1022 1503 1199 1542 amittunt
1221 1501 1440 1552 rubiginem,
1471 1503 1511 1537 et
1530 1498 1706 1548 quicquid

246 1568 458 1616 squalidum
490 1568 709 1606 adhaeserat
738 1569 952 1620 deponunt,
991 1571 1045 1609 ita
1070 1574 1114 1608 ut
1144 1570 1176 1607 si
1200 1581 1277 1607 non
1302 1567 1499 1619 pristinum
1532 1565 1706 1614 valorem,

245 1636 460 1674 restitutum
493 1635 625 1672 saltem
657 1648 701 1673 ex
734 1635 860 1684 aliqua
894 1641 1001 1688 parte
1031 1637 1213 1688 recipiunt
1243 1635 1489 1687 splendorem.
1543 1634 1706 1672 fossores

245 1714 334 1740 vero
361 1716 429 1741 nec
457 1704 608 1740 ditiores
633 1715 702 1740 nec
727 1703 905 1744 feliciores
935 1704 1105 1757 appello,
1149 1704 1182 1741 si
1214 1703 1373 1755 pretium
1406 1700 1551 1739 nullum>
1573 1700 1642 1749 sit,
1675 1700 1708 1736 si

247 1771 349 1807 cuius
377 1770 552 1820 principis
580 1773 856 1822 inscriptionem
886 1773 1067 1808 numisma
1101 1772 1198 1807 ferat
1230 1774 1296 1807 aut
1329 1769 1525 1818 imaginem
1560 1768 1708 1818 reprae-

249 1840 373 1874 sentet
405 1837 590 1886 ignorent.
647 1851 777 1888 exesos
811 1838 980 1888 rubigine
1007 1837 1236 1874 characteres
1264 1835 1513 1886 perlustrant3
1563 1847 1607 1872 ac
1636 1833 1707 1870 nisi

251 1905 441 1942 vaticinari
474 1907 644 1943 noverint
679 1911 745 1944 aut
778 1906 925 1943 aliunde
957 1905 1164 1955 acceperint
1193 1903 1283 1952 quid
1315 1903 1442 1942 literae
1473 1903 1532 1941 vel
1568 1904 1710 1953 figurae

253 1973 481 2023 significent,
517 1985 594 2010 non
624 1974 885 2024 explanabunt.
942 1976 1194 2010 verumtamen
1224 1970 1327 2020 quod
1364 1972 1413 2008 ad
1447 1963 1582 2009 Codini
1614 1984 1709 2022 opus

253 2041 409 2090 attinet,
457 2040 599 2077 etiamsi
628 2053 717 2091 prae
750 2044 936 2091 vetustate
974 2053 1050 2078 non
1084 2040 1135 2077 sit
1167 2038 1378 2089 rancidum,
1421 2051 1511 2090 prae
1545 2026 1711 2076 novitate

253 2112 399 2159 tamen,
437 2120 533 2157 quae
564 2109 739 2146 maiorem
756 2108 874 2145 lucem
896 2111 939 2144 ut
967 2107 1164 2157 plurimum
1196 2105 1349 2143 deberet
1379 2106 1613 2156 promittere,
1652 2106 1709 2142 in-

253 2175 399 2214 venitur
425 2176 631 2214 obscurum.
688 2177 735 2213 de
762 2186 904 2225 nupera
934 2162 1105 2222 naniqne
1121 2173 1239 2212 solum
1258 2173 1415 2211 Graecia
1431 2173 1598 2211 Codinus
1618 2173 1710 2222 agit,

251 2257 327 2282 non
360 2244 510 2282 vocibus
547 2248 693 2281 tantum
727 2242 854 2291 novis,
887 2241 977 2290 sed,
1022 2239 1126 2298 quod
1146 2242 1277 2279 mirum
1301 2244 1382 2291 est,
1423 2241 1497 2279 iam
1522 2241 1710 2279 obsoletis.

252 2325 342 2349 usus
371 2313 531 2363 quippe,
571 2311 635 2360 qui
667 2311 888 2348 recentiores
910 2309 1004 2346 ritus
1031 2321 1152 2376 mores
1189 2309 1311 2347 officia
1345 2312 1490 2360 vestes,
1524 2309 1710 2358 integrum

254 2380 416 2428 denique
450 2379 627 2417 Graeciae
646 2382 785 2416 statum
817 2377 974 2426 invexit,
1022 2359 1187 2414 Orien'tis
1216 2389 1343 2415 everso
1364 2377 1518 2428 imperio
1541 2376 1711 2413 funditus

252 2447 412 2494 interiit,
466 2451 505 2484 et
542 2446 612 2484 sub
649 2445 765 2496 ipsius
786 2444 915 2495 Cpolis
954 2443 1089 2494 ruinis,
1136 2455 1232 2493 quae
1259 2447 1347 2481 ante
1366 2443 1546 2489 ducentos
1565 2447 1711 2481 tantum

253 2527 373 2552 annos
405 2515 442 2551 in
478 2527 522 2551 ea
552 2513 729 2564 vigebant
761 2511 1066 2561 consuetudines,
1116 2511 1204 2560 quia
1234 2512 1360 2568 ferme,
1379 2523 1476 2549 novo
1511 2514 1550 2548 et
1580 2510 1712 2559 ignoto

255 2582 433 2630 loquendi
463 2593 598 2632 genere
629 2593 845 2631 expressae,
889 2579 1011 2615 iacent
1038 2578 1169 2616 misere
1199 2564 1446 2629 consepultae.
1501 2589 1638 2629 paucos
1668 2588 1713 2613 ea

255 2649 303 2686 de
334 2662 444 2686 causa
465 2649 625 2700 reperire
652 2651 710 2685 est
732 2647 795 2697 qui
824 2651 977 2698 aspectu
1005 2647 1123 2698 primo
1150 2659 1227 2684 non
1254 2647 1497 2694 demirentur,
1545 2643 1710 2693 quamvis

256 2717 328 2754 rari
362 2717 437 2753 sint
467 2718 530 2765 qui
568 2716 721 2767 propius
754 2715 990 2767 inspicientes
1019 2714 1145 2752 literas
1173 2714 1333 2753 auctoris
1365 2726 1408 2751 ac
1434 2711 1510 2749 eius
1529 2710 1713 2748 scribendi

258 2784 504 2821 characterem
532 2782 588 2820 vel
617 2783 819 2821 evolverint
851 2783 907 2821 vel
939 2781 1177 2833 penetrarint.
1235 2793 1345 2830 quam
1371 2779 1561 2817 infeliciter
1585 2777 1712 2814 Iunius

258 2852 295 2888 in
324 2851 542 2888 elucidanda
571 2852 785 2902 verborum,
827 2852 960 2901 quibus
990 2863 1076 2887 usus
1108 2853 1165 2886 est
1186 2850 1374 2898 Codinus,
1406 2847 1629 2884 obscuritate
1649 2845 1713 2880 (le-
