1864 3164
288 175 387 224 430

333 283 447 319 scriba
462 281 539 319 241.
554 284 590 317 et
606 282 721 317 horum
737 283 993 318 secretariorum

335 341 395 366 seu
426 334 616 364 senatorum
648 328 807 370 ministri,
838 329 994 363 secretici

333 377 416 411 ibid.
441 375 522 409 dicti
545 378 621 409 sunt
636 379 810 407 senatores
826 386 846 408 a
862 379 993 409 secreto

331 420 475 466 legendo
501 419 674 454 secretarii
697 420 851 461 maiores,
874 420 992 454 iidem-

329 478 398 512 que
419 466 593 500 silentiar-ii
618 464 693 499 242.
719 465 908 500 differentia
937 477 989 500 ec-

330 511 509 547 clesiastici
547 516 581 544 et
631 510 768 555 palatini
807 511 992 554 secretarii,

329 557 420 603 quod
445 557 498 590 hic
520 556 563 590 sit
579 555 677 589 iudex
693 561 728 589 et
742 562 888 599 senator,
905 558 992 591 alter

328 603 478 637 minister
509 602 554 635 sit
585 606 711 635 tantum
746 609 935 636 senatorum
959 608 992 636 et

328 648 473 682 iudicum
511 648 588 682 142.
621 652 659 680 ut
697 647 826 681 scilicet
856 647 906 690 is,
936 647 993 692 qui

330 699 385 728 est
408 705 427 726 a
460 692 611 733 secretis,
646 703 707 737 pro
739 694 868 727 ratione
891 693 994 727 officii

330 738 550 774 ecclesiastici
561 738 716 784 populum
733 739 904 773 contineat
917 740 991 774 141.

327 784 419 830 quod
451 795 567 818 munus
601 790 675 817 erat
716 784 917 819 velariorum
959 789 993 818 et

330 830 601 863 cancellariorum
619 829 708 863 ibid.

284 881 460 912 senatores
495 875 575 909 dicti
616 875 791 909 secretarii
826 878 860 909 et
894 874 991 909 silen-

329 921 437 964 tiarii,
462 924 496 955 et
519 924 653 954 senatus
689 926 853 954 secretum
887 925 920 954 et
944 920 990 953 εἰ-

329 967 466 1001 lentium
490 968 566 1001 242.
601 977 715 1000 omnes
751 977 862 1000 coram
891 966 991 1011 impp.

331 1012 503 1047 coronatis
527 1012 704 1056 epulantur
725 1014 791 1054 98,
831 1015 879 1046 19.
907 1023 991 1044 unus

329 1058 461 1103 spargit
495 1058 680 1103 epicombia
711 1057 744 1091 in
776 1058 991 1091 coronatione

328 1103 407 1149 imp.
433 1105 497 1145 83,
523 1104 554 1138 4.

283 1155 418 1183 senatus
442 1149 644 1193 caligarum,
677 1159 821 1182 scomma
850 1148 884 1182 in
908 1158 988 1182 eun-

328 1195 401 1228 dem
417 1195 494 1229 225.
508 1201 643 1228 senatus
661 1195 827 1227 Antonino
841 1199 877 1226 et
886 1194 990 1226 Clau-

326 1240 381 1273 dio
397 1240 497 1284 impp.
519 1240 682 1273 acclamat
696 1241 773 1274 279.
789 1242 866 1274 280.
886 1239 989 1273 Com-

326 1285 455 1319 modum
478 1285 556 1330 imp.
582 1291 776 1318 exsecratur
799 1287 876 1319 280.

279 1331 498 1377 sepimentum
523 1330 663 1374 erigitur
692 1330 727 1363 in
758 1330 902 1364 triclinio
927 1341 988 1375 pro

327 1376 532 1420 designando
556 1375 698 1420 despota
723 1375 811 1409 inter
833 1376 987 1409 thronum

326 1421 404 1467 imp.
439 1425 473 1455 et
504 1419 803 1455 circumstationem
840 1422 903 1462 99,
932 1423 985 1455 19.

327 1471 362 1500 et
386 1478 445 1511 pro
475 1467 625 1501 Caesare
656 1470 693 1499 et
715 1466 988 1500 sebastocratore

328 1515 413 1554 101,
434 1514 469 1547 5.

280 1557 492 1603 Septembris
519 1556 623 1602 primo
647 1558 681 1590 et
705 1559 827 1590 octavo
851 1557 892 1590 fit
906 1568 986 1602 pro-

326 1603 430 1638 cessio
466 1605 531 1644 80,
564 1606 595 1639 2.
631 1604 665 1638 5.
705 1602 832 1636 decimo
868 1607 986 1647 quarto

325 1649 498 1694 peragitur
519 1648 554 1682 in
578 1647 705 1693 palatio
729 1647 915 1682 benedictio
932 1649 987 1692 78,

282 1740 467 1785 septimana
500 1738 728 1774 renovationis
755 1741 809 1774 est
840 1739 985 1785 pascha-

324 1785 383 1826 lis,
407 1785 496 1830 quod
520 1785 653 1819 Christo
685 1790 883 1830 resurgente
914 1797 986 1820 om·

325 1831 380 1865 nia
403 1835 526 1865 novata
549 1831 627 1866 333.

280 1877 421 1920 Sergius
445 1876 636 1921 patriarcha
658 1876 691 1910 in
722 1875 897 1910 obsidione
927 1887 985 1909 ur-

325 1923 399 1956 bem
425 1921 574 1966 reliquiis
605 1921 710 1956 sacris
741 1925 874 1955 tutatur
904 1923 983 1956 322.

278 1972 405 2001 sertum
428 1972 540 2011 gestat
554 1966 747 2012 imperatrix
762 1967 908 2001 creanda
928 1969 984 2010 89,

323 2014 379 2048 20.
402 2018 525 2046 sertum
549 2025 590 2046 ex
621 2012 797 2046 unionibus
831 2017 865 2045 et
895 2024 983 2046 mar-

322 2057 442 2101 garitis
473 2058 632 2102 despotae
665 2057 811 2092 creando
841 2057 981 2102 imponi-

321 2107 376 2136 tur
402 2104 484 2145 100,
523 2103 576 2137 16.
600 2102 688 2135 aliud
719 2102 789 2135 filio
821 2102 982 2146 despotae

322 2147 628 2191 stemmatogyrium
657 2147 780 2180 dictum
813 2148 895 2181 ibid.
924 2147 982 2180 20.

277 2193 386 2238 sigilla
429 2204 491 2238 per
527 2191 634 2225 bullas
673 2202 810 2232 aureas,
854 2202 980 2234 cereas,

322 2239 491 2285 plumbeas
513 2238 638 2271 dabant
660 2248 776 2270 nomen
795 2236 898 2270 literis
921 2247 981 2270 au-

320 2285 390 2319 reis
413 2285 491 2319 256.
527 2283 640 2326 sigiila
670 2282 809 2317 Iuniana
842 2287 876 2316 et
899 2282 979 2314 Cal-

324 2329 460 2364 viniana
495 2328 666 2372 resignata
714 2338 893 2372 eorumque
927 2327 982 2361 in-

325 2375 422 2409 scitia
446 2380 480 2408 et
503 2376 597 2408 fraus
620 2374 752 2408 detecta
775 2374 854 2408 375.

278 2421 374 2465 signa
397 2421 491 2454 varia
521 2420 644 2465 populo
677 2420 718 2453 ad
749 2429 818 2452 rem
840 2418 982 2452 divinam

324 2466 540 2500 convocando
564 2466 644 2499 data
669 2466 744 2500 154.

277 2511 480 2556 significatio
516 2512 658 2546 vestium
700 2520 868 2545 sacrarum
903 2509 980 2544 166.

322 2563 358 2590 et
392 2556 680 2602 imperatoriorum
716 2559 981 2590 ornamentorum

322 2603 387 2643 51,
411 2605 444 2639 8.

272 2647 444 2682 silentiarii
475 2647 618 2681 maiores
650 2650 748 2680 erant
780 2645 843 2690 ipsi
878 2655 977 2680 sena-

318 2697 428 2737 tores,
453 2704 514 2737 pro
538 2692 668 2727 silentio
692 2702 772 2726 vero
806 2690 975 2725 servando

321 2738 497 2771 silentiarii
513 2738 653 2772 minores
670 2748 729 2772 seu
747 2737 885 2771 ministri
901 2737 977 2771 242.
992 2736 993 2739 ’

276 2782 440 2831 silentium
464 2783 586 2818 dicitur
615 2795 679 2831 pro
702 2786 820 2819 senatu
844 2788 879 2816 et
901 2793 977 2817 ora-

320 2828 412 2864 tione
433 2829 512 2865 242.

828 184 832 185 ’
875 173 1149 220 GRETSERI

1038 283 1232 318 siromasten
1264 294 1291 316 s.
1330 281 1467 316 salibam
1506 282 1572 316 fert
1604 291 1743 326 magnus

1082 327 1232 363 tzausius
1264 327 1330 369 24,
1359 331 1391 364 1.
1422 339 1510 372 quae
1543 339 1607 361 non
1633 328 1742 370 clava,

1082 374 1143 408 sed
1166 373 1328 416 iaculum,
1351 373 1448 407 hasta
1469 373 1524 407 vel
1544 372 1644 418 pugio
1659 371 1740 407 243.

1037 466 1147 500 soleas
1171 475 1192 497 a
1215 463 1286 496 sole
1304 463 1357 497 vel
1380 463 1452 498 solo
1473 463 1580 497 dictus
1594 462 1742 504 videtur,

1083 521 1161 556 pars
1197 509 1311 554 templi
1343 509 1493 543 ornatior
1523 509 1603 544 360.
1636 518 1657 542 a
1684 508 1741 541 lu-

1081 555 1222 590 stiniano
1255 553 1407 588 conditus
1439 564 1586 599 casuque
1619 553 1742 587 trullae

1081 601 1299 635 comminutus
1319 611 1383 633 non
1403 599 1579 645 splendore
1597 598 1669 644 pari
1683 609 1738 632 re-

1083 647 1219 681 stitutus
1244 657 1264 679 a
1287 645 1412 679 Iustino
1436 646 1514 681 361.

1036 692 1153 727 solium
1172 692 1206 725 in
1230 691 1392 735 Meganra
1415 702 1436 726 a
1450 688 1657 735 Luitprando
1680 688 1740 722 de-

1081 738 1244 783 scriptum
1266 737 1345 771 302.

1037 794 1066 818 s.
1103 782 1251 828 Sophiae
1281 780 1467 826 ingreditur
1497 784 1576 814 ante
1607 790 1738 813 currum

1081 828 1312 873 triumphalem
1335 826 1475 871 virginis
1495 826 1679 870 nicopoeae
1692 836 1739 859 ss.

1082 885 1214 908 crucem
1240 874 1353 907 ferens
1386 873 1527 906 loannes
1549 871 1739 905 Comnenus

1082 919 1158 956 315.
1184 919 1218 953 in
1242 931 1269 953 s.
1293 917 1440 963 Sophiae
1458 916 1608 963 vesperis
1634 916 1738 950 inter-

1081 971 1134 999 est
1155 965 1234 1010 imp.
1254 965 1287 998 in
1313 964 1472 1010 paschate
1494 963 1556 1002 76.
1583 964 1637 998 17.
1661 962 1738 995 thu-

1080 1011 1126 1045 ris
1151 1011 1266 1044 suffitu
1289 1011 1471 1044 honoratur
1493 1008 1572 1042 ibid.
1596 1007 1684 1041 festo
1708 1017 1738 1040 s.

1080 1055 1354 1138 ffliiiiis‘teau‘gt
1383 1054 1739 1143 ὶῖιωῖωοιιῖξῖἕῖἷοιιῗέ

1081 1147 1177 1181 adest
1201 1127 1344 1191 litur’giis
1369 1149 1405 1179 et
1426 1144 1578 1191 vesperis
1595 1145 1656 1184 80,
1681 1144 1736 1178 11.

1078 1193 1113 1226 ἰη
1144 1193 1303 1238 deiparae
1335 1191 1533 1225 dormitione
1571 1189 1617 1222 ibi
1657 1199 1738 1242 per-

1079 1244 1195 1272 noctat
1218 1241 1280 1283 81,
1309 1239 1360 1273 19.
1378 1237 1456 1282 imp.
1477 1234 1637 1270 creandus
1656 1233 1738 1268 mibi

1080 1289 1258 1317 coronatur
1291 1284 1352 1324 86,
1387 1284 1440 1316 10.
1471 1292 1511 1315 eo
1548 1279 1736 1325 patriarcha

1078 1329 1288 1362 renuntiatus
1326 1338 1410 1372 equo
1444 1326 1622 1370 devehitur
1656 1325 1734 1359 albo

1081 1374 1165 1415 104,
1189 1374 1222 1409 5.
1246 1373 1292 1407 ibi
1324 1375 1539 1407 consecratur
1569 1370 1652 1404 ibid.
1680 1371 1734 1405 17.

1032 1431 1061 1455 s.
1097 1419 1304 1465 Sophronius
1344 1417 1512 1452 Hierosol.
1546 1415 1736 1462 patriarcha

1075 1465 1179 1499 vitam
1202 1477 1229 1499 s.
1252 1464 1383 1498 Mariae
1415 1462 1650 1508 Aegyptiacae
1673 1471 1734 1506 pro

1078 1510 1328 1555 poenitentibus
1350 1508 1484 1554 scripsit
1502 1508 1580 1543 320.

1031 1557 1185 1601 spatham
1217 1556 1295 1601 imp.
1326 1558 1418 1589 tenet
1449 1563 1588 1597 magnus
1617 1552 1733 1587 ‹lome-

1077 1602 1181 1636 sticus
1195 1627 1204 1642 ,
1227 1604 1451 1646 protostrator
1473 1600 1537 1640 29,
1571 1599 1601 1634 1.
1631 1609 1734 1643 prae-

1077 1648 1186 1682 fectus
1208 1647 1324 1691 sigillis
1348 1650 1383 1680 et
1405 1644 1563 1679 cubiculis
1586 1642 1653 1685 34,
1679 1645 1731 1678 10.

1078 1694 1131 1728 15.
1156 1698 1192 1727 et
1221 1703 1305 1738 puer
1338 1690 1535 1725 honorarius
1566 1699 1638 1722 cum
1669 1688 1731 1722 do-

1076 1738 1214 1772 mestico
1247 1739 1307 1780 51,
1345 1739 1390 1772 22
1421 1748 1474 1781 sq.
1508 1738 1664 1769 servatur
1697 1734 1731 1768 in

1077 1784 1230 1818 ruchario
1253 1784 1318 1825 31,
1341 1784 1375 1817 8.

1030 1829 1192 1875 spatharii
1214 1839 1313 1873 rogas
1336 1825 1506 1872 accipiunt
1527 1827 1606 1862 312.

1029 1875 1202 1921 speciosae
1233 1880 1352 1919 portae
1383 1873 1418 1906 in
1449 1870 1581 1917 templis
1614 1880 1729 1905 mona-

1075 1921 1253 1955 steriorum
1276 1921 1340 1961 82,
1367 1920 1420 1954 18.
1443 1918 1522 1953 347.

1028 1977 1055 2001 s.
1078 1978 1094 1999 s
1121 1965 1216 2000 iritus
1242 1966 1330 1999 festo
1353 1963 1457 1997 utitur
1484 1963 1560 2006 imp.
1588 1961 1730 1996 arbitra-

1072 2023 1123 2046 rio
1157 2011 1274 2048 habitu
1305 2011 1370 2051 77,
1411 2007 1588 2043 20-22.
1629 2007 1729 2040 abro-

1071 2060 1151 2100 gata
1175 2055 1244 2087 eius
1267 2054 1332 2087 diei
1355 2052 1524 2098 processio
1548 2050 1626 2087 334.

1025 2101 1205 2146 spoliorum
1235 2098 1423 2133 distributio
1455 2098 1521 2140 85,
1554 2097 1596 2133 14
1613 2115 1656 2122 —-
1674 2097 1727 2132 17.

1024 2202 1148 2236 sponsa
1171 2190 1248 2234 imp.
1274 2188 1439 2233 excipitur
1461 2187 1502 2222 ad
1524 2187 1651 2222 fontem
1670 2186 1726 2221 vel

1069 2237 1271 2270 Blachernas
1296 2237 1380 2276 107,
1407 2235 1458 2269 13.
1482 2233 1534 2268 14.

1025 2281 1182 2327 stapedes
1206 2291 1264 2314 seu
1287 2280 1418 2325 stapiae
1441 2280 1600 2324 despotae
1616 2277 1724 2321 14‚4.

1070 2326 1348 2361 sebastocratoris
1373 2324 1433 2368 15,
1458 2326 1509 2360 12-

1024 2373 1211 2407 stationarii
1246 2371 1394 2416 duplices
1426 2370 1460 2403 in
1501 2369 1578 2403 aula
1609 2366 1726 2413 palatii

1069 2419 1137 2460 37,
1160 2419 1180 2453 7
1213 2429 1285 2461 sqq.
1319 2417 1375 2450 alii
1408 2426 1530 2460 equos,
1561 2414 1616 2447 alii
1647 2424 1725 2458 spa-

1069 2464 1157 2507 thas,
1179 2463 1310 2507 utrique
1328 2467 1437 2496 tamen
1459 2461 1584 2494 habent
1607 2459 1724 2503 aloga-

1069 2513 1177 2542 torem
1201 2509 1282 2543 ibid.
1308 2508 1363 2542 alii
1397 2507 1522 2552 pileos,
1558 2505 1635 2543 alii,
1667 2503 1724 2548 qui

1071 2555 1163 2597 equis
1188 2558 1320 2595 carent,
1341 2552 1410 2586 tela
1433 2556 1555 2596 gerunt
1571 2551 1651 2586 ibid.
1670 2548 1724 2582 di-

1068 2599 1195 2643 ripiunt
1221 2598 1442 2632 ambulacrum
1475 2598 1564 2631 festo
1597 2595 1723 2641 palma-

1069 2655 1139 2678 rum
1165 2645 1230 2686 68,
1253 2645 1307 2679 20.
1339 2643 1491 2676 dicuntur
1514 2637 1727 2684 παραμοναί

1067 2690 1165 2734 quasi
1187 2689 1398 2724 mansionarii
1417 2687 1494 2723 265.

1021 2738 1134 2769 statua
1166 2735 1243 2779 imp.
1278 2733 1443 2779 equestris
1480 2732 1514 2766 in
1542 2730 1721 2772 flaminino,

1067 2781 1155 2824 quod
1180 2791 1317 2824 magnus
1348 2779 1415 2812 dux
1451 2776 1551 2820 erigit
1579 2777 1642 2818 28,
1667 2777 1721 2810 16.

1020 2830 1158 2860 stemma
1183 2826 1306 2860 dictum
1343 2835 1406 2870 pro
1440 2822 1625 2857 diademate
1666 2820 1721 2863 50,
