<?xml version="1.0" encoding="UTF-8"?>
<!DOCTYPE html PUBLIC "-//W3C//DTD XHTML 1.0 Transitional//EN"
    "http://www.w3.org/TR/xhtml1/DTD/xhtml1-transitional.dtd">
<html xmlns="http://www.w3.org/1999/xhtml" xml:lang="en" lang="en">
 <head>
  <title>
</title>
<meta http-equiv="Content-Type" content="text/html;charset=utf-8" />
  <meta name='ocr-system' content='tesseract 3.04.00' />
  <meta name='ocr-capabilities' content='ocr_page ocr_carea ocr_par ocr_line ocrx_word'/>
</head>
<body>
  <div class='ocr_page' id='page_1' title='image "./corpusscriptorum16niebuoft_0268.png"; bbox 0 0 1864 3164; ppageno 0'>
   <div class='ocr_carea' id='block_1_1' title="bbox 319 155 1560 203">
    <p class='ocr_par' dir='ltr' id='par_1_1' title="bbox 319 155 1560 203">
     <span class='ocr_line' id='line_1_1' title="bbox 319 155 1560 203; baseline 0.001 -3"><span class='ocrx_word' id='word_1_1' title='bbox 319 156 418 203; x_wconf 79' lang='lat'>252</span> <span class='ocrx_word' id='word_1_2' title='bbox 531 156 811 201; x_wconf 85' lang='lat' dir='ltr'>GRETSERI</span> <span class='ocrx_word' id='word_1_3' title='bbox 829 158 902 200; x_wconf 88' lang='lat' dir='ltr'>ET</span> <span class='ocrx_word' id='word_1_4' title='bbox 922 155 1097 200; x_wconf 80' lang='lat' dir='ltr'><strong>GOARI</strong></span> <span class='ocrx_word' id='word_1_5' title='bbox 1115 155 1560 202; x_wconf 83' lang='lat' dir='ltr'><strong>COMMENTARIUS</strong></span> 
     </span>
    </p>
   </div>
   <div class='ocr_carea' id='block_1_2' title="bbox 301 263 1777 1436">
    <p class='ocr_par' dir='ltr' id='par_1_2' title="bbox 301 263 1777 1435">
     <span class='ocr_line' id='line_1_2' title="bbox 426 263 1777 321; baseline -0.001 -15"><span class='ocrx_word' id='word_1_6' title='bbox 426 278 463 318; x_wconf 86' lang='lat' dir='ltr'>p.</span> <span class='ocrx_word' id='word_1_7' title='bbox 478 265 532 308; x_wconf 79' lang='lat'>31</span> <span class='ocrx_word' id='word_1_8' title='bbox 552 268 674 307; x_wconf 81' lang='lat' dir='ltr'><strong>v.10</strong></span> <span class='ocrx_word' id='word_1_9' title='bbox 696 264 870 319; x_wconf 78' lang='grc' dir='ltr'><em>τζαγγία]</em></span> <span class='ocrx_word' id='word_1_10' title='bbox 891 266 1021 304; x_wconf 87' lang='lat' dir='ltr'>melius</span> <span class='ocrx_word' id='word_1_11' title='bbox 1040 266 1226 321; x_wconf 79' lang='grc' dir='ltr'><em>τζαγκία,</em></span> <span class='ocrx_word' id='word_1_12' title='bbox 1245 263 1430 320; x_wconf 76' lang='grc' dir='ltr'><em>τζάγκαι,</em></span> <span class='ocrx_word' id='word_1_13' title='bbox 1448 270 1609 307; x_wconf 71' lang='lat' dir='ltr'>tzancae.</span> <span class='ocrx_word' id='word_1_14' title='bbox 1628 266 1777 319; x_wconf 80' lang='lat' dir='ltr'>proprie</span> 
     </span>
     <span class='ocr_line' id='line_1_3' title="bbox 315 320 1776 392; baseline 0.001 -33"><span class='ocrx_word' id='word_1_15' title='bbox 315 321 425 359; x_wconf 88' lang='lat' dir='ltr'>calcei</span> <span class='ocrx_word' id='word_1_16' title='bbox 451 323 698 392; x_wconf 81' lang='lat' dir='ltr'>imperatorii3</span> <span class='ocrx_word' id='word_1_17' title='bbox 737 327 776 360; x_wconf 88' lang='lat' dir='ltr'>et</span> <span class='ocrx_word' id='word_1_18' title='bbox 808 322 1026 374; x_wconf 79' lang='lat' dir='ltr'>calcearius,</span> <span class='ocrx_word' id='word_1_19' title='bbox 1070 324 1133 373; x_wconf 91' lang='lat' dir='ltr'>qui</span> <span class='ocrx_word' id='word_1_20' title='bbox 1163 336 1226 362; x_wconf 83' lang='lat' dir='ltr'>eas</span> <span class='ocrx_word' id='word_1_21' title='bbox 1254 324 1489 375; x_wconf 80' lang='lat' dir='ltr'>conficiebat,</span> <span class='ocrx_word' id='word_1_22' title='bbox 1523 320 1688 378; x_wconf 78' lang='grc' dir='ltr'><em>τζαγγοὲς</em></span> <span class='ocrx_word' id='word_1_23' title='bbox 1717 323 1776 361; x_wconf 91' lang='lat' dir='ltr'>vel</span> 
     </span>
     <span class='ocr_line' id='line_1_4' title="bbox 313 375 1776 446; baseline 0.003 -31"><span class='ocrx_word' id='word_1_24' title='bbox 313 380 438 429; x_wconf 85' lang='lat' dir='ltr'>potius</span> <span class='ocrx_word' id='word_1_25' title='bbox 452 375 618 432; x_wconf 78' lang='grc' dir='ltr'><em>τζαγκοῖς</em></span> <span class='ocrx_word' id='word_1_26' title='bbox 632 379 843 430; x_wconf 81' lang='lat' dir='ltr'>dicebatur,</span> <span class='ocrx_word' id='word_1_27' title='bbox 863 392 939 418; x_wconf 89' lang='lat' dir='ltr'>non</span> <span class='ocrx_word' id='word_1_28' title='bbox 959 384 1002 418; x_wconf 87' lang='lat' dir='ltr'>ut</span> <span class='ocrx_word' id='word_1_29' title='bbox 1016 379 1076 418; x_wconf 83' lang='lat' dir='ltr'>alii</span> <span class='ocrx_word' id='word_1_30' title='bbox 1088 384 1234 419; x_wconf 88' lang='lat' dir='ltr'>sutores</span> <span class='ocrx_word' id='word_1_31' title='bbox 1244 408 1257 431; x_wconf 87' lang='lat'>‚</span> <span class='ocrx_word' id='word_1_32' title='bbox 1275 375 1505 446; x_wconf 80' lang='grc' dir='ltr'><em>τζαγγαριος</em></span> <span class='ocrx_word' id='word_1_33' title='bbox 1521 393 1587 419; x_wconf 88' lang='lat' dir='ltr'>seu</span> <span class='ocrx_word' id='word_1_34' title='bbox 1606 375 1776 431; x_wconf 77' lang='grc' dir='ltr'><em>τζαγκά-</em></span> 
     </span>
     <span class='ocr_line' id='line_1_5' title="bbox 314 433 1775 491; baseline 0 -17"><span class='ocrx_word' id='word_1_35' title='bbox 314 450 414 485; x_wconf 82' lang='grc' dir='ltr'><strong><em>ριος.</em></strong></span> <span class='ocrx_word' id='word_1_36' title='bbox 440 436 493 473; x_wconf 84' lang='lat' dir='ltr'>ita</span> <span class='ocrx_word' id='word_1_37' title='bbox 511 437 608 474; x_wconf 88' lang='lat' dir='ltr'>enim</span> <span class='ocrx_word' id='word_1_38' title='bbox 637 436 695 474; x_wconf 90' lang='lat' dir='ltr'>hic</span> <span class='ocrx_word' id='word_1_39' title='bbox 723 436 921 486; x_wconf 86' lang='lat' dir='ltr'>legendum</span> <span class='ocrx_word' id='word_1_40' title='bbox 948 441 1028 486; x_wconf 87' lang='lat' dir='ltr'>est,</span> <span class='ocrx_word' id='word_1_41' title='bbox 1055 449 1131 475; x_wconf 76' lang='lat' dir='ltr'>mn</span> <span class='ocrx_word' id='word_1_42' title='bbox 1153 433 1412 491; x_wconf 78' lang='grc' dir='ltr'><em>τζαγμᾶριος,</em></span> <span class='ocrx_word' id='word_1_43' title='bbox 1435 442 1479 475; x_wconf 91' lang='lat' dir='ltr'>ut</span> <span class='ocrx_word' id='word_1_44' title='bbox 1498 438 1616 475; x_wconf 83' lang='lat' dir='ltr'>edidit</span> <span class='ocrx_word' id='word_1_45' title='bbox 1634 437 1775 486; x_wconf 89' lang='lat' dir='ltr'>Iunius,</span> 
     </span>
     <span class='ocr_line' id='line_1_6' title="bbox 313 492 1774 544; baseline 0.001 -15"><span class='ocrx_word' id='word_1_46' title='bbox 313 492 371 529; x_wconf 86' lang='lat' dir='ltr'>cui</span> <span class='ocrx_word' id='word_1_47' title='bbox 391 497 544 530; x_wconf 82' lang='lat' dir='ltr'>tzancae</span> <span class='ocrx_word' id='word_1_48' title='bbox 573 496 612 530; x_wconf 88' lang='lat' dir='ltr'>et</span> <span class='ocrx_word' id='word_1_49' title='bbox 632 493 778 530; x_wconf 82' lang='lat' dir='ltr'>tzancia</span> <span class='ocrx_word' id='word_1_50' title='bbox 805 506 882 531; x_wconf 92' lang='lat' dir='ltr'>non</span> <span class='ocrx_word' id='word_1_51' title='bbox 903 493 1074 544; x_wconf 83' lang='lat' dir='ltr'><strong>placent,</strong></span> <span class='ocrx_word' id='word_1_52' title='bbox 1101 494 1221 543; x_wconf 83' lang='lat' dir='ltr'>magis</span> <span class='ocrx_word' id='word_1_53' title='bbox 1245 495 1410 531; x_wconf 79' lang='lat' dir='ltr'>arrident</span> <span class='ocrx_word' id='word_1_54' title='bbox 1429 498 1589 544; x_wconf 83' lang='lat' dir='ltr'>tzaggae</span> <span class='ocrx_word' id='word_1_55' title='bbox 1607 497 1647 532; x_wconf 87' lang='lat' dir='ltr'>et</span> <span class='ocrx_word' id='word_1_56' title='bbox 1667 497 1774 543; x_wconf 87' lang='lat' dir='ltr'>tzag-</span> 
     </span>
     <span class='ocr_line' id='line_1_7' title="bbox 312 548 1773 600; baseline 0.001 -16"><span class='ocrx_word' id='word_1_57' title='bbox 312 548 394 598; x_wconf 78' lang='lat' dir='ltr'>gia‚</span> <span class='ocrx_word' id='word_1_58' title='bbox 423 552 467 586; x_wconf 90' lang='lat' dir='ltr'>ut</span> <span class='ocrx_word' id='word_1_59' title='bbox 490 548 628 586; x_wconf 82' lang='lat' dir='ltr'>habeat</span> <span class='ocrx_word' id='word_1_60' title='bbox 657 550 886 588; x_wconf 83' lang='lat' dir='ltr'>occasionem</span> <span class='ocrx_word' id='word_1_61' title='bbox 912 562 1047 588; x_wconf 90' lang='lat' dir='ltr'>nomen</span> <span class='ocrx_word' id='word_1_62' title='bbox 1069 550 1140 588; x_wconf 87' lang='lat' dir='ltr'>hoc</span> <span class='ocrx_word' id='word_1_63' title='bbox 1164 550 1371 588; x_wconf 88' lang='lat' dir='ltr'>deducendi</span> <span class='ocrx_word' id='word_1_64' title='bbox 1390 563 1435 588; x_wconf 87' lang='lat' dir='ltr'>ex</span> <span class='ocrx_word' id='word_1_65' title='bbox 1459 549 1619 588; x_wconf 85' lang='lat' dir='ltr'>Arabica</span> <span class='ocrx_word' id='word_1_66' title='bbox 1635 549 1773 600; x_wconf 85' lang='lat' dir='ltr'>lingua.</span> 
     </span>
     <span class='ocr_line' id='line_1_8' title="bbox 311 605 1775 657; baseline 0.003 -17.003"><span class='ocrx_word' id='word_1_67' title='bbox 311 605 380 642; x_wconf 80' lang='lat' dir='ltr'>scd</span> <span class='ocrx_word' id='word_1_68' title='bbox 408 605 532 656; x_wconf 88' lang='lat' dir='ltr'>potior</span> <span class='ocrx_word' id='word_1_69' title='bbox 557 608 617 642; x_wconf 87' lang='lat' dir='ltr'>est</span> <span class='ocrx_word' id='word_1_70' title='bbox 644 607 746 657; x_wconf 86' lang='lat' dir='ltr'>apud</span> <span class='ocrx_word' id='word_1_71' title='bbox 765 619 824 644; x_wconf 90' lang='lat' dir='ltr'>me</span> <span class='ocrx_word' id='word_1_72' title='bbox 842 606 933 644; x_wconf 84' lang='lat' dir='ltr'>fides</span> <span class='ocrx_word' id='word_1_73' title='bbox 952 607 1118 644; x_wconf 91' lang='lat' dir='ltr'>codicum</span> <span class='ocrx_word' id='word_1_74' title='bbox 1137 605 1378 644; x_wconf 84' lang='lat' dir='ltr'>Lautheriani</span> <span class='ocrx_word' id='word_1_75' title='bbox 1395 609 1435 644; x_wconf 89' lang='lat' dir='ltr'>et</span> <span class='ocrx_word' id='word_1_76' title='bbox 1457 605 1718 644; x_wconf 80' lang='lat' dir='ltr'>Bavaricorum</span> <span class='ocrx_word' id='word_1_77' title='bbox 1735 609 1775 644; x_wconf 91' lang='lat' dir='ltr'>et</span> 
     </span>
     <span class='ocr_line' id='line_1_9' title="bbox 311 661 1774 715; baseline 0.003 -17"><span class='ocrx_word' id='word_1_78' title='bbox 311 661 495 699; x_wconf 80' lang='lat' dir='ltr'>Simeonis</span> <span class='ocrx_word' id='word_1_79' title='bbox 512 662 680 712; x_wconf 82' lang='lat' dir='ltr'>magistri</span> <span class='ocrx_word' id='word_1_80' title='bbox 698 662 928 700; x_wconf 87' lang='lat' dir='ltr'>officiorum</span> <span class='ocrx_word' id='word_1_81' title='bbox 918 676 957 700; x_wconf 88' lang='lat' dir='ltr'>m</span> <span class='ocrx_word' id='word_1_82' title='bbox 976 662 1164 701; x_wconf 87' lang='lat' dir='ltr'>Pandecte</span> <span class='ocrx_word' id='word_1_83' title='bbox 1183 662 1329 701; x_wconf 88' lang='lat' dir='ltr'>Turcic.</span> <span class='ocrx_word' id='word_1_84' title='bbox 1349 675 1379 700; x_wconf 86' lang='lat' dir='ltr'>c.</span> <span class='ocrx_word' id='word_1_85' title='bbox 1403 664 1504 712; x_wconf 83' lang='grc'><strong>199,</strong></span> <span class='ocrx_word' id='word_1_86' title='bbox 1530 663 1595 713; x_wconf 85' lang='lat' dir='ltr'>qui</span> <span class='ocrx_word' id='word_1_87' title='bbox 1613 662 1774 715; x_wconf 79' lang='grc' dir='ltr'><em>τζαγκία</em></span> 
     </span>
     <span class='ocr_line' id='line_1_10' title="bbox 312 714 1774 784; baseline 0.002 -29"><span class='ocrx_word' id='word_1_88' title='bbox 312 721 353 755; x_wconf 85' lang='lat' dir='ltr'>et</span> <span class='ocrx_word' id='word_1_89' title='bbox 371 715 536 784; x_wconf 81' lang='grc' dir='ltr'><em>τζοὶγκας</em></span> <span class='ocrx_word' id='word_1_90' title='bbox 555 718 662 756; x_wconf 86' lang='lat' dir='ltr'>nobis</span> <span class='ocrx_word' id='word_1_91' title='bbox 681 719 875 766; x_wconf 82' lang='lat' dir='ltr'>exhibent3</span> <span class='ocrx_word' id='word_1_92' title='bbox 905 720 1053 758; x_wconf 82' lang='lat' dir='ltr'>tametsi</span> <span class='ocrx_word' id='word_1_93' title='bbox 1074 719 1191 758; x_wconf 84' lang='lat' dir='ltr'>altera</span> <span class='ocrx_word' id='word_1_94' title='bbox 1213 719 1321 758; x_wconf 88' lang='lat' dir='ltr'>lectio</span> <span class='ocrx_word' id='word_1_95' title='bbox 1348 719 1410 757; x_wconf 87' lang='lat' dir='ltr'>illa</span> <span class='ocrx_word' id='word_1_96' title='bbox 1433 714 1593 771; x_wconf 74' lang='grc' dir='ltr'><em>τζοὶγγαι</em></span> <span class='ocrx_word' id='word_1_97' title='bbox 1615 718 1774 771; x_wconf 78' lang='grc' dir='ltr'><em>τζαγγία</em></span> 
     </span>
     <span class='ocr_line' id='line_1_11' title="bbox 311 770 1773 828; baseline 0.001 -16"><span class='ocrx_word' id='word_1_98' title='bbox 311 770 543 828; x_wconf 76' lang='grc' dir='ltr'><em>τζαγγάριος</em></span> <span class='ocrx_word' id='word_1_99' title='bbox 571 775 786 827; x_wconf 89' lang='lat' dir='ltr'>simpliciter</span> <span class='ocrx_word' id='word_1_100' title='bbox 814 776 912 814; x_wconf 88' lang='lat' dir='ltr'>reiici</span> <span class='ocrx_word' id='word_1_101' title='bbox 944 789 1013 814; x_wconf 88' lang='lat' dir='ltr'>nec</span> <span class='ocrx_word' id='word_1_102' title='bbox 1040 780 1167 827; x_wconf 87' lang='lat' dir='ltr'>potest</span> <span class='ocrx_word' id='word_1_103' title='bbox 1197 788 1265 814; x_wconf 90' lang='lat' dir='ltr'>nec</span> <span class='ocrx_word' id='word_1_104' title='bbox 1293 776 1415 814; x_wconf 88' lang='lat' dir='ltr'>debet.</span> <span class='ocrx_word' id='word_1_105' title='bbox 1452 775 1624 814; x_wconf 88' lang='lat' dir='ltr'>scribitur</span> <span class='ocrx_word' id='word_1_106' title='bbox 1660 775 1773 813; x_wconf 84' lang='lat' dir='ltr'>etiam</span> 
     </span>
     <span class='ocr_line' id='line_1_12' title="bbox 309 829 1772 886; baseline 0 -18"><span class='ocrx_word' id='word_1_107' title='bbox 309 829 551 882; x_wconf 70' lang='grc' dir='ltr'><em>τζαγκάρηςτ</em></span> <span class='ocrx_word' id='word_1_108' title='bbox 581 831 666 869; x_wconf 90' lang='lat' dir='ltr'>hinc</span> <span class='ocrx_word' id='word_1_109' title='bbox 687 831 802 883; x_wconf 81' lang='grc' dir='ltr'><strong><em>τέχνη</em></strong></span> <span class='ocrx_word' id='word_1_110' title='bbox 824 834 938 885; x_wconf 78' lang='grc' dir='ltr'><em>τζαγγ</em></span> <span class='ocrx_word' id='word_1_111' title='bbox 940 829 1082 886; x_wconf 84' lang='grc' dir='ltr'><em>αρική,</em></span> <span class='ocrx_word' id='word_1_112' title='bbox 1112 847 1171 871; x_wconf 81' lang='lat' dir='ltr'>ars</span> <span class='ocrx_word' id='word_1_113' title='bbox 1190 835 1336 871; x_wconf 72' lang='lat' dir='ltr'>sutoria.</span> <span class='ocrx_word' id='word_1_114' title='bbox 1370 832 1519 870; x_wconf 84' lang='lat' dir='ltr'>transiit</span> <span class='ocrx_word' id='word_1_115' title='bbox 1539 833 1611 871; x_wconf 88' lang='lat' dir='ltr'>hoc</span> <span class='ocrx_word' id='word_1_116' title='bbox 1636 843 1772 870; x_wconf 87' lang='lat' dir='ltr'>nomen</span> 
     </span>
     <span class='ocr_line' id='line_1_13' title="bbox 308 886 1771 941; baseline 0.002 -18"><span class='ocrx_word' id='word_1_117' title='bbox 308 887 358 924; x_wconf 82' lang='lat' dir='ltr'>ad</span> <span class='ocrx_word' id='word_1_118' title='bbox 371 886 539 926; x_wconf 76' lang='lat' dir='ltr'>Latinos,</span> <span class='ocrx_word' id='word_1_119' title='bbox 570 887 777 927; x_wconf 88' lang='lat' dir='ltr'>Trebellius</span> <span class='ocrx_word' id='word_1_120' title='bbox 797 887 935 928; x_wconf 88' lang='lat' dir='ltr'>Pollio:</span> <span class='ocrx_word' id='word_1_121' title='bbox 963 889 1118 928; x_wconf 75' lang='lat' dir='ltr'>zanchas</span> <span class='ocrx_word' id='word_1_122' title='bbox 1133 890 1175 927; x_wconf 88' lang='lat' dir='ltr'>de</span> <span class='ocrx_word' id='word_1_123' title='bbox 1194 891 1323 927; x_wconf 74' lang='lat' dir='ltr'>nostris</span> <span class='ocrx_word' id='word_1_124' title='bbox 1349 889 1536 928; x_wconf 77' lang='lat' dir='ltr'>Parthicis</span> <span class='ocrx_word' id='word_1_125' title='bbox 1555 891 1664 941; x_wconf 82' lang='lat' dir='ltr'>paria</span> <span class='ocrx_word' id='word_1_126' title='bbox 1686 890 1771 926; x_wconf 83' lang='lat' dir='ltr'>tria.</span> 
     </span>
     <span class='ocr_line' id='line_1_14' title="bbox 309 943 1771 995; baseline 0.002 -16"><span class='ocrx_word' id='word_1_127' title='bbox 309 943 372 980; x_wconf 89' lang='lat' dir='ltr'>ubi</span> <span class='ocrx_word' id='word_1_128' title='bbox 403 944 671 983; x_wconf 79' lang='lat' dir='ltr'>Casaubonus:</span> <span class='ocrx_word' id='word_1_129' title='bbox 710 946 888 984; x_wconf 82' lang='lat' dir='ltr'>barbarici</span> <span class='ocrx_word' id='word_1_130' title='bbox 914 946 1140 984; x_wconf 73' lang='lat' dir='ltr'>calceamenti</span> <span class='ocrx_word' id='word_1_131' title='bbox 1170 959 1279 995; x_wconf 81' lang='lat' dir='ltr'>genus</span> <span class='ocrx_word' id='word_1_132' title='bbox 1302 949 1456 994; x_wconf 75' lang='lat' dir='ltr'>tzangas</span> <span class='ocrx_word' id='word_1_133' title='bbox 1489 948 1672 984; x_wconf 80' lang='lat' dir='ltr'>vocarant.</span> <span class='ocrx_word' id='word_1_134' title='bbox 1709 944 1771 982; x_wconf 69' lang='lat' dir='ltr'>sed</span> 
     </span>
     <span class='ocr_line' id='line_1_15' title="bbox 307 1001 1769 1041; baseline 0.001 -4"><span class='ocrx_word' id='word_1_135' title='bbox 307 1002 409 1038; x_wconf 84' lang='lat' dir='ltr'>varic</span> <span class='ocrx_word' id='word_1_136' title='bbox 421 1002 588 1039; x_wconf 76' lang='lat' dir='ltr'>scribitur</span> <span class='ocrx_word' id='word_1_137' title='bbox 606 1002 670 1040; x_wconf 83' lang='lat' dir='ltr'>lwc</span> <span class='ocrx_word' id='word_1_138' title='bbox 687 1003 839 1040; x_wconf 82' lang='lat' dir='ltr'>verbum.</span> <span class='ocrx_word' id='word_1_139' title='bbox 866 1005 904 1041; x_wconf 81' lang='lat' dir='ltr'>in</span> <span class='ocrx_word' id='word_1_140' title='bbox 924 1002 1041 1040; x_wconf 82' lang='lat' dir='ltr'>codice</span> <span class='ocrx_word' id='word_1_141' title='bbox 1058 1002 1295 1040; x_wconf 69' lang='lat' dir='ltr'>Theodosiana</span> <span class='ocrx_word' id='word_1_142' title='bbox 1316 1001 1359 1039; x_wconf 84' lang='lat' dir='ltr'>de</span> <span class='ocrx_word' id='word_1_143' title='bbox 1383 1001 1506 1040; x_wconf 74' lang='lat' dir='ltr'>habitu</span> <span class='ocrx_word' id='word_1_144' title='bbox 1531 1004 1630 1040; x_wconf 82' lang='lat' dir='ltr'>intra</span> <span class='ocrx_word' id='word_1_145' title='bbox 1652 1001 1769 1038; x_wconf 83' lang='lat' dir='ltr'>urbem</span> 
     </span>
     <span class='ocr_line' id='line_1_16' title="bbox 307 1052 1770 1110; baseline 0.001 -18"><span class='ocrx_word' id='word_1_146' title='bbox 307 1058 378 1105; x_wconf 81' lang='lat' dir='ltr'>leg.</span> <span class='ocrx_word' id='word_1_147' title='bbox 407 1060 433 1097; x_wconf 85' lang='lat'><strong>2</strong></span> <span class='ocrx_word' id='word_1_148' title='bbox 469 1062 647 1107; x_wconf 78' lang='lat' dir='ltr'>tzangae;</span> <span class='ocrx_word' id='word_1_149' title='bbox 681 1060 720 1096; x_wconf 80' lang='lat' dir='ltr'>in</span> <span class='ocrx_word' id='word_1_150' title='bbox 748 1061 854 1097; x_wconf 84' lang='lat' dir='ltr'>tertia</span> <span class='ocrx_word' id='word_1_151' title='bbox 881 1063 1040 1099; x_wconf 78' lang='lat' dir='ltr'>tzancae.</span> <span class='ocrx_word' id='word_1_152' title='bbox 1079 1059 1226 1097; x_wconf 80' lang='lat' dir='ltr'>Graecis</span> <span class='ocrx_word' id='word_1_153' title='bbox 1251 1052 1412 1110; x_wconf 80' lang='grc' dir='ltr'><em>τζαγγαι</em></span> <span class='ocrx_word' id='word_1_154' title='bbox 1439 1063 1503 1096; x_wconf 76' lang='lat' dir='ltr'>aut</span> <span class='ocrx_word' id='word_1_155' title='bbox 1527 1057 1707 1110; x_wconf 77' lang='grc' dir='ltr'><em>τζαγγία,</em></span> <span class='ocrx_word' id='word_1_156' title='bbox 1734 1060 1770 1095; x_wconf 80' lang='lat' dir='ltr'>et</span> 
     </span>
     <span class='ocr_line' id='line_1_17' title="bbox 306 1109 1771 1166; baseline -0.001 -14"><span class='ocrx_word' id='word_1_157' title='bbox 306 1109 538 1165; x_wconf 74' lang='grc' dir='ltr'><em>τζαγγάριος</em></span> <span class='ocrx_word' id='word_1_158' title='bbox 563 1115 688 1152; x_wconf 75' lang='lat' dir='ltr'>harum</span> <span class='ocrx_word' id='word_1_159' title='bbox 718 1115 857 1166; x_wconf 79' lang='lat' dir='ltr'>artifex</span> <span class='ocrx_word' id='word_1_160' title='bbox 875 1115 971 1165; x_wconf 81' lang='lat' dir='ltr'>apud</span> <span class='ocrx_word' id='word_1_161' title='bbox 989 1114 1151 1153; x_wconf 71' lang='lat' dir='ltr'>Tzetzem</span> <span class='ocrx_word' id='word_1_162' title='bbox 1167 1117 1206 1153; x_wconf 78' lang='lat' dir='ltr'>in</span> <span class='ocrx_word' id='word_1_163' title='bbox 1222 1114 1457 1153; x_wconf 69' lang='lat' dir='ltr'>chiliadibus.</span> <span class='ocrx_word' id='word_1_164' title='bbox 1478 1114 1606 1153; x_wconf 72' lang='lat' dir='ltr'>Acrem·</span> <span class='ocrx_word' id='word_1_165' title='bbox 1617 1126 1771 1163; x_wconf 67' lang='lat' dir='ltr'>sangae.</span> 
     </span>
     <span class='ocr_line' id='line_1_18' title="bbox 306 1168 1769 1222; baseline 0.001 -17"><span class='ocrx_word' id='word_1_166' title='bbox 306 1168 496 1208; x_wconf 80' lang='lat' dir='ltr'>Persarum</span> <span class='ocrx_word' id='word_1_167' title='bbox 529 1170 584 1208; x_wconf 83' lang='lat' dir='ltr'>vel</span> <span class='ocrx_word' id='word_1_168' title='bbox 615 1170 830 1209; x_wconf 77' lang='lat' dir='ltr'><em>Parthorum</em></span> <span class='ocrx_word' id='word_1_169' title='bbox 856 1171 975 1222; x_wconf 80' lang='lat' dir='ltr'>fuisse</span> <span class='ocrx_word' id='word_1_170' title='bbox 1002 1175 1178 1219; x_wconf 79' lang='lat' dir='ltr'>gestamen</span> <span class='ocrx_word' id='word_1_171' title='bbox 1202 1172 1329 1220; x_wconf 83' lang='lat' dir='ltr'>magni</span> <span class='ocrx_word' id='word_1_172' title='bbox 1353 1171 1465 1222; x_wconf 83' lang='lat' dir='ltr'>pretii</span> <span class='ocrx_word' id='word_1_173' title='bbox 1489 1183 1533 1208; x_wconf 77' lang='lat' dir='ltr'>ex</span> <span class='ocrx_word' id='word_1_174' title='bbox 1560 1172 1622 1209; x_wconf 75' lang='lat' dir='ltr'>hoc</span> <span class='ocrx_word' id='word_1_175' title='bbox 1642 1170 1715 1208; x_wconf 88' lang='lat' dir='ltr'>loco</span> <span class='ocrx_word' id='word_1_176' title='bbox 1735 1172 1769 1208; x_wconf 80' lang='lat' dir='ltr'>et</span> 
     </span>
     <span class='ocr_line' id='line_1_19' title="bbox 301 1225 1768 1277; baseline 0.001 -15"><span class='ocrx_word' id='word_1_177' title='bbox 301 1225 475 1263; x_wconf 74' lang='lat' dir='ltr'>si&#39;mzlibus</span> <span class='ocrx_word' id='word_1_178' title='bbox 504 1230 660 1277; x_wconf 82' lang='lat' dir='ltr'>apparet.</span> <span class='ocrx_word' id='word_1_179' title='bbox 691 1226 730 1264; x_wconf 89' lang='lat' dir='ltr'>in</span> <span class='ocrx_word' id='word_1_180' title='bbox 758 1227 866 1265; x_wconf 86' lang='lat' dir='ltr'>fastis</span> <span class='ocrx_word' id='word_1_181' title='bbox 894 1227 1045 1265; x_wconf 81' lang='lat' dir='ltr'>Graecis</span> <span class='ocrx_word' id='word_1_182' title='bbox 1068 1227 1243 1277; x_wconf 83' lang='lat' dir='ltr'>leguntur</span> <span class='ocrx_word' id='word_1_183' title='bbox 1266 1227 1358 1266; x_wconf 86' lang='lat' dir='ltr'>haec</span> <span class='ocrx_word' id='word_1_184' title='bbox 1386 1228 1434 1264; x_wconf 90' lang='lat' dir='ltr'>de</span> <span class='ocrx_word' id='word_1_185' title='bbox 1452 1239 1541 1277; x_wconf 84' lang='lat' dir='ltr'>rege</span> <span class='ocrx_word' id='word_1_186' title='bbox 1561 1225 1768 1266; x_wconf 74' lang='lat' dir='ltr'>Lazarum:</span> 
     </span>
     <span class='ocr_line' id='line_1_20' title="bbox 304 1278 1771 1338; baseline 0.003 -19"><span class='ocrx_word' id='word_1_187' title='bbox 304 1278 356 1320; x_wconf 79' lang='grc' dir='ltr'><em>τοῖ</em></span> <span class='ocrx_word' id='word_1_188' title='bbox 378 1282 535 1334; x_wconf 80' lang='grc' dir='ltr'><em>τζαγγία</em></span> <span class='ocrx_word' id='word_1_189' title='bbox 550 1278 675 1322; x_wconf 73' lang='grc' dir='ltr'><em>αὐτοῦ</em></span> <span class='ocrx_word' id='word_1_190' title='bbox 696 1278 749 1335; x_wconf 82' lang='grc' dir='ltr'>ἦν</span> <span class='ocrx_word' id='word_1_191' title='bbox 765 1280 844 1324; x_wconf 68' lang='grc' dir='ltr'>ἀπὸ</span> <span class='ocrx_word' id='word_1_192' title='bbox 859 1286 932 1333; x_wconf 80' lang='grc' dir='ltr'>τῆς</span> <span class='ocrx_word' id='word_1_193' title='bbox 952 1280 1079 1336; x_wconf 78' lang='grc' dir='ltr'><em>χώρας</em></span> <span class='ocrx_word' id='word_1_194' title='bbox 1100 1279 1225 1323; x_wconf 70' lang='grc' dir='ltr'><em>αὐτοῦ</em></span> <span class='ocrx_word' id='word_1_195' title='bbox 1246 1283 1437 1335; x_wconf 76' lang='grc' dir='ltr'><em>ῤὀυσαία,</em></span> <span class='ocrx_word' id='word_1_196' title='bbox 1468 1286 1655 1338; x_wconf 79' lang='grc' dir='ltr'><strong><em>Περσικῷ</em></strong></span> <span class='ocrx_word' id='word_1_197' title='bbox 1673 1278 1771 1334; x_wconf 82' lang='grc' dir='ltr'><em>σχή-·</em></span> 
     </span>
     <span class='ocr_line' id='line_1_21' title="bbox 305 1338 1770 1391; baseline 0.001 -16"><span class='ocrx_word' id='word_1_198' title='bbox 305 1353 417 1388; x_wconf 85' lang='grc' dir='ltr'><em>ματι,</em></span> <span class='ocrx_word' id='word_1_199' title='bbox 448 1338 585 1389; x_wconf 75' lang='grc' dir='ltr'><em>ἔχοντα</em></span> <span class='ocrx_word' id='word_1_200' title='bbox 599 1340 852 1391; x_wconf 82' lang='grc' dir='ltr'><strong><em>μαργαρίτας.</em></strong></span> <span class='ocrx_word' id='word_1_201' title='bbox 882 1341 1057 1390; x_wconf 87' lang='lat' dir='ltr'>Synodus</span> <span class='ocrx_word' id='word_1_202' title='bbox 1081 1339 1355 1378; x_wconf 83' lang='lat' dir='ltr'>Aurelianensis</span> <span class='ocrx_word' id='word_1_203' title='bbox 1382 1351 1463 1378; x_wconf 86' lang='lat' dir='ltr'>can.</span> <span class='ocrx_word' id='word_1_204' title='bbox 1490 1343 1566 1382; x_wconf 80' lang='lat'>22:</span> <span class='ocrx_word' id='word_1_205' title='bbox 1602 1339 1770 1379; x_wconf 71' lang='lat' dir='ltr'>monacho</span> 
     </span>
     <span class='ocr_line' id='line_1_22' title="bbox 305 1396 1326 1436; baseline 0.003 -5"><span class='ocrx_word' id='word_1_206' title='bbox 305 1397 458 1433; x_wconf 78' lang='lat' dir='ltr'>orarium</span> <span class='ocrx_word' id='word_1_207' title='bbox 473 1397 511 1432; x_wconf 83' lang='lat' dir='ltr'>in</span> <span class='ocrx_word' id='word_1_208' title='bbox 529 1397 735 1434; x_wconf 79' lang='lat' dir='ltr'>monasterio</span> <span class='ocrx_word' id='word_1_209' title='bbox 753 1396 809 1434; x_wconf 84' lang='lat' dir='ltr'>vel</span> <span class='ocrx_word' id='word_1_210' title='bbox 831 1410 961 1435; x_wconf 74' lang='lat' dir='ltr'>zancas</span> <span class='ocrx_word' id='word_1_211' title='bbox 982 1398 1107 1435; x_wconf 80' lang='lat' dir='ltr'>habere</span> <span class='ocrx_word' id='word_1_212' title='bbox 1118 1410 1185 1434; x_wconf 80' lang='lat' dir='ltr'>non</span> <span class='ocrx_word' id='word_1_213' title='bbox 1208 1396 1326 1436; x_wconf 79' lang='lat' dir='ltr'>liccat.</span> 
     </span>
    </p>
   </div>
   <div class='ocr_carea' id='block_1_3' title="bbox 303 1464 1768 1716">
    <p class='ocr_par' dir='ltr' id='par_1_3' title="bbox 303 1464 1768 1706">
     <span class='ocr_line' id='line_1_23' title="bbox 393 1464 1767 1521; baseline 0 -13"><span class='ocrx_word' id='word_1_214' title='bbox 393 1464 481 1510; x_wconf 68' lang='lat' dir='ltr'>abia.</span> <span class='ocrx_word' id='word_1_215' title='bbox 515 1475 680 1521; x_wconf 77' lang='grc' dir='ltr'>τζαγγια]</span> <span class='ocrx_word' id='word_1_216' title='bbox 704 1476 877 1511; x_wconf 86' lang='lat' dir='ltr'>Meursius</span> <span class='ocrx_word' id='word_1_217' title='bbox 896 1482 1072 1520; x_wconf 74' lang='lat' dir='ltr'>tzangae,</span> <span class='ocrx_word' id='word_1_218' title='bbox 1096 1475 1155 1511; x_wconf 80' lang='lat' dir='ltr'>alii</span> <span class='ocrx_word' id='word_1_219' title='bbox 1183 1477 1417 1511; x_wconf 78' lang='lat' dir='ltr'>calceamenta</span> <span class='ocrx_word' id='word_1_220' title='bbox 1439 1474 1635 1510; x_wconf 75' lang='lat' dir='ltr'>barbarica.</span> <span class='ocrx_word' id='word_1_221' title='bbox 1672 1473 1767 1509; x_wconf 84' lang='lat' dir='ltr'>cuius</span> 
     </span>
     <span class='ocr_line' id='line_1_24' title="bbox 303 1520 1767 1577; baseline 0 -24"><span class='ocrx_word' id='word_1_222' title='bbox 303 1520 434 1554; x_wconf 83' lang='lat' dir='ltr'>formae</span> <span class='ocrx_word' id='word_1_223' title='bbox 469 1521 596 1555; x_wconf 80' lang='lat' dir='ltr'>fuerint</span> <span class='ocrx_word' id='word_1_224' title='bbox 631 1533 698 1556; x_wconf 91' lang='lat' dir='ltr'>non</span> <span class='ocrx_word' id='word_1_225' title='bbox 725 1528 908 1577; x_wconf 85' lang='lat' dir='ltr'>exponunt.</span> <span class='ocrx_word' id='word_1_226' title='bbox 955 1522 1020 1556; x_wconf 88' lang='lat' dir='ltr'>illis</span> <span class='ocrx_word' id='word_1_227' title='bbox 1055 1522 1232 1557; x_wconf 74' lang='lat' dir='ltr'>etiamnum</span> <span class='ocrx_word' id='word_1_228' title='bbox 1263 1521 1364 1556; x_wconf 84' lang='lat' dir='ltr'>hodie</span> <span class='ocrx_word' id='word_1_229' title='bbox 1393 1526 1534 1556; x_wconf 82' lang='lat' dir='ltr'>utuntur</span> <span class='ocrx_word' id='word_1_230' title='bbox 1558 1521 1594 1554; x_wconf 88' lang='lat' dir='ltr'>in</span> <span class='ocrx_word' id='word_1_231' title='bbox 1624 1520 1767 1554; x_wconf 83' lang='lat' dir='ltr'>Oriente</span> 
     </span>
     <span class='ocr_line' id='line_1_25' title="bbox 304 1566 1767 1612; baseline 0.001 -14"><span class='ocrx_word' id='word_1_232' title='bbox 304 1566 371 1599; x_wconf 75' lang='lat' dir='ltr'>viri</span> <span class='ocrx_word' id='word_1_233' title='bbox 397 1570 433 1600; x_wconf 85' lang='lat' dir='ltr'>et</span> <span class='ocrx_word' id='word_1_234' title='bbox 455 1567 610 1601; x_wconf 85' lang='lat' dir='ltr'>mulieres</span> <span class='ocrx_word' id='word_1_235' title='bbox 634 1568 842 1611; x_wconf 82' lang='lat' dir='ltr'>promiscue3</span> <span class='ocrx_word' id='word_1_236' title='bbox 874 1571 1019 1612; x_wconf 81' lang='lat' dir='ltr'>suntque</span> <span class='ocrx_word' id='word_1_237' title='bbox 1049 1569 1203 1602; x_wconf 85' lang='lat' dir='ltr'>cothurni</span> <span class='ocrx_word' id='word_1_238' title='bbox 1234 1579 1276 1602; x_wconf 83' lang='lat' dir='ltr'>ex</span> <span class='ocrx_word' id='word_1_239' title='bbox 1308 1567 1406 1602; x_wconf 86' lang='lat' dir='ltr'>varie</span> <span class='ocrx_word' id='word_1_240' title='bbox 1436 1566 1597 1601; x_wconf 84' lang='lat' dir='ltr'>coloratis</span> <span class='ocrx_word' id='word_1_241' title='bbox 1622 1566 1767 1612; x_wconf 82' lang='lat' dir='ltr'>pellibus</span> 
     </span>
     <span class='ocr_line' id='line_1_26' title="bbox 303 1612 1768 1665; baseline 0.001 -21"><span class='ocrx_word' id='word_1_242' title='bbox 303 1612 418 1645; x_wconf 73' lang='lat' dir='ltr'>tibiam</span> <span class='ocrx_word' id='word_1_243' title='bbox 442 1612 594 1657; x_wconf 83' lang='lat' dir='ltr'>adusque</span> <span class='ocrx_word' id='word_1_244' title='bbox 617 1625 706 1658; x_wconf 84' lang='lat' dir='ltr'>genu</span> <span class='ocrx_word' id='word_1_245' title='bbox 729 1614 868 1658; x_wconf 78' lang='lat' dir='ltr'>pressim</span> <span class='ocrx_word' id='word_1_246' title='bbox 893 1618 929 1648; x_wconf 88' lang='lat' dir='ltr'>et</span> <span class='ocrx_word' id='word_1_247' title='bbox 955 1613 1099 1647; x_wconf 82' lang='lat' dir='ltr'>strictim</span> <span class='ocrx_word' id='word_1_248' title='bbox 1121 1613 1286 1648; x_wconf 83' lang='lat' dir='ltr'>tibialium</span> <span class='ocrx_word' id='word_1_249' title='bbox 1311 1623 1403 1648; x_wconf 86' lang='lat' dir='ltr'>more</span> <span class='ocrx_word' id='word_1_250' title='bbox 1421 1612 1626 1655; x_wconf 79' lang='lat' dir='ltr'>vestientes,</span> <span class='ocrx_word' id='word_1_251' title='bbox 1643 1612 1768 1665; x_wconf 85' lang='lat' dir='ltr'>quales</span> 
     </span>
     <span class='ocr_line' id='line_1_27' title="bbox 303 1657 1766 1716; baseline 0.001 -26"><span class='ocrx_word' id='word_1_252' title='bbox 303 1657 369 1691; x_wconf 83' lang='lat' dir='ltr'>iam</span> <span class='ocrx_word' id='word_1_253' title='bbox 407 1668 467 1691; x_wconf 86' lang='lat' dir='ltr'>suo</span> <span class='ocrx_word' id='word_1_254' title='bbox 498 1663 652 1714; x_wconf 85' lang='lat' dir='ltr'>tempore</span> <span class='ocrx_word' id='word_1_255' title='bbox 681 1659 827 1694; x_wconf 80' lang='lat' dir='ltr'>usitatos</span> <span class='ocrx_word' id='word_1_256' title='bbox 860 1659 1024 1694; x_wconf 85' lang='lat' dir='ltr'>describit</span> <span class='ocrx_word' id='word_1_257' title='bbox 1035 1660 1241 1715; x_wconf 83' lang='lat' dir='ltr'>Procopius</span> <span class='ocrx_word' id='word_1_258' title='bbox 1263 1659 1307 1693; x_wconf 87' lang='lat' dir='ltr'>de</span> <span class='ocrx_word' id='word_1_259' title='bbox 1329 1658 1461 1716; x_wconf 61' lang='lat' dir='ltr'>seditio.</span> <span class='ocrx_word' id='word_1_260' title='bbox 1482 1657 1655 1692; x_wconf 85' lang='lat' dir='ltr'>Iustiniani</span> <span class='ocrx_word' id='word_1_261' title='bbox 1677 1657 1701 1712; x_wconf 59' lang='lat' dir='ltr'>l:</span> <span class='ocrx_word' id='word_1_262' title='bbox 1723 1657 1766 1692; x_wconf 80' lang='lat'>3:</span> 
     </span>
    </p>
   </div>
   <div class='ocr_carea' id='block_1_4' title="bbox 300 1699 1764 1934">
    <p class='ocr_par' dir='ltr' id='par_1_4' title="bbox 300 1699 1764 1934">
     <span class='ocr_line' id='line_1_28' title="bbox 300 1699 1764 1761; baseline 0 -26"><span class='ocrx_word' id='word_1_263' title='bbox 300 1699 531 1760; x_wconf 74' lang='grc' dir='ltr'><em>ὑποδήματα</em></span> <span class='ocrx_word' id='word_1_264' title='bbox 553 1701 656 1749; x_wconf 79' lang='grc' dir='ltr'><strong><em>μέχρι</em></strong></span> <span class='ocrx_word' id='word_1_265' title='bbox 679 1703 732 1746; x_wconf 79' lang='grc' dir='ltr'>εἰς</span> <span class='ocrx_word' id='word_1_266' title='bbox 754 1703 857 1761; x_wconf 76' lang='grc' dir='ltr'><strong><em>γόνυ</em></strong></span> <span class='ocrx_word' id='word_1_267' title='bbox 877 1705 1050 1749; x_wconf 79' lang='grc' dir='ltr'><strong>φοινικοῦ</strong></span> <span class='ocrx_word' id='word_1_268' title='bbox 1080 1703 1292 1760; x_wconf 78' lang='grc' dir='ltr'><em>χοώματος,</em></span> <span class='ocrx_word' id='word_1_269' title='bbox 1327 1700 1353 1739; x_wconf 72' lang='grc' dir='ltr'>ὁὶ</span> <span class='ocrx_word' id='word_1_270' title='bbox 1386 1700 1434 1749; x_wconf 82' lang='grc' dir='ltr'>δὴ</span> <span class='ocrx_word' id='word_1_271' title='bbox 1469 1701 1626 1757; x_wconf 75' lang='grc' dir='ltr'><em>βασιλέα</em></span> <span class='ocrx_word' id='word_1_272' title='bbox 1649 1699 1764 1756; x_wconf 81' lang='grc' dir='ltr'><strong><em>μόνον</em></strong></span> 
     </span>
     <span class='ocr_line' id='line_1_29' title="bbox 300 1745 1764 1795; baseline -0.001 -13.989"><span class='ocrx_word' id='word_1_273' title='bbox 300 1745 496 1793; x_wconf 79' lang='grc' dir='ltr'><em>Ρωμαίων</em></span> <span class='ocrx_word' id='word_1_274' title='bbox 515 1762 554 1784; x_wconf 83' lang='grc' dir='ltr'>τε</span> <span class='ocrx_word' id='word_1_275' title='bbox 576 1751 641 1786; x_wconf 81' lang='grc' dir='ltr'>καὶ</span> <span class='ocrx_word' id='word_1_276' title='bbox 667 1752 817 1795; x_wconf 81' lang='grc' dir='ltr'><strong><em>Περσῶν</em></strong></span> <span class='ocrx_word' id='word_1_277' title='bbox 838 1748 1063 1785; x_wconf 79' lang='grc' dir='ltr'><em>ὑποδεῖσθαι</em></span> <span class='ocrx_word' id='word_1_278' title='bbox 1087 1748 1207 1794; x_wconf 78' lang='grc' dir='ltr'><strong>θέμις.</strong></span> <span class='ocrx_word' id='word_1_279' title='bbox 1255 1751 1332 1784; x_wconf 89' lang='lat' dir='ltr'>hinc</span> <span class='ocrx_word' id='word_1_280' title='bbox 1355 1751 1486 1785; x_wconf 81' lang='lat' dir='ltr'>Arabes</span> <span class='ocrx_word' id='word_1_281' title='bbox 1511 1747 1710 1794; x_wconf 80' lang='lat' dir='ltr'>Elpidium</span> <span class='ocrx_word' id='word_1_282' title='bbox 1700 1759 1764 1781; x_wconf 79' lang='lat' dir='ltr'>lm-</span> 
     </span>
     <span class='ocr_line' id='line_1_30' title="bbox 304 1794 1761 1851; baseline -0.002 -23"><span class='ocrx_word' id='word_1_283' title='bbox 304 1801 496 1849; x_wconf 82' lang='lat' dir='ltr'>peratorem</span> <span class='ocrx_word' id='word_1_284' title='bbox 528 1795 563 1829; x_wconf 86' lang='lat' dir='ltr'>in</span> <span class='ocrx_word' id='word_1_285' title='bbox 592 1796 718 1851; x_wconf 86' lang='lat' dir='ltr'>Sicilia</span> <span class='ocrx_word' id='word_1_286' title='bbox 750 1797 971 1831; x_wconf 75' lang='lat' dir='ltr'>renuntiaturi</span> <span class='ocrx_word' id='word_1_287' title='bbox 1003 1796 1090 1851; x_wconf 86' lang='lat' dir='ltr'>apud</span> <span class='ocrx_word' id='word_1_288' title='bbox 1126 1797 1365 1849; x_wconf 82' lang='lat' dir='ltr'>Theophanem</span> <span class='ocrx_word' id='word_1_289' title='bbox 1394 1796 1428 1829; x_wconf 85' lang='lat' dir='ltr'>in</span> <span class='ocrx_word' id='word_1_290' title='bbox 1459 1796 1558 1829; x_wconf 87' lang='lat' dir='ltr'>Irene</span> <span class='ocrx_word' id='word_1_291' title='bbox 1581 1799 1617 1827; x_wconf 84' lang='lat' dir='ltr'>et</span> <span class='ocrx_word' id='word_1_292' title='bbox 1639 1794 1761 1826; x_wconf 82' lang='lat' dir='ltr'>Coust.</span> 
     </span>
     <span class='ocr_line' id='line_1_31' title="bbox 302 1837 1763 1889; baseline -0.001 -17"><span class='ocrx_word' id='word_1_293' title='bbox 302 1837 521 1882; x_wconf 79' lang='grc' dir='ltr'><strong><em>πεοιέθεντο</em></strong></span> <span class='ocrx_word' id='word_1_294' title='bbox 556 1839 659 1889; x_wconf 79' lang='grc' dir='ltr'>αὐτῷ</span> <span class='ocrx_word' id='word_1_295' title='bbox 680 1842 851 1886; x_wconf 69' lang='grc' dir='ltr'>τζαγ)ίον</span> <span class='ocrx_word' id='word_1_296' title='bbox 873 1841 934 1876; x_wconf 80' lang='grc' dir='ltr'>καὶ</span> <span class='ocrx_word' id='word_1_297' title='bbox 957 1840 1155 1884; x_wconf 78' lang='grc' dir='ltr'><em>στέφανον.</em></span> <span class='ocrx_word' id='word_1_298' title='bbox 1201 1854 1242 1876; x_wconf 88' lang='lat' dir='ltr'>ex</span> <span class='ocrx_word' id='word_1_299' title='bbox 1267 1842 1336 1882; x_wconf 84' lang='lat' dir='ltr'>his,</span> <span class='ocrx_word' id='word_1_300' title='bbox 1361 1853 1448 1886; x_wconf 85' lang='lat' dir='ltr'>quae</span> <span class='ocrx_word' id='word_1_301' title='bbox 1471 1839 1639 1874; x_wconf 85' lang='lat' dir='ltr'>Meursius</span> <span class='ocrx_word' id='word_1_302' title='bbox 1661 1845 1697 1872; x_wconf 84' lang='lat' dir='ltr'>et</span> <span class='ocrx_word' id='word_1_303' title='bbox 1720 1850 1763 1872; x_wconf 87' lang='lat' dir='ltr'>ex</span> 
     </span>
     <span class='ocr_line' id='line_1_32' title="bbox 304 1878 1624 1934; baseline -0.001 -15"><span class='ocrx_word' id='word_1_304' title='bbox 304 1897 346 1918; x_wconf 85' lang='lat' dir='ltr'>eo</span> <span class='ocrx_word' id='word_1_305' title='bbox 372 1887 558 1921; x_wconf 84' lang='lat' dir='ltr'>Gretserus</span> <span class='ocrx_word' id='word_1_306' title='bbox 583 1878 642 1921; x_wconf 87' lang='lat' dir='ltr'>de</span> <span class='ocrx_word' id='word_1_307' title='bbox 648 1889 765 1932; x_wconf 79' lang='lat' dir='ltr'>zeugis</span> <span class='ocrx_word' id='word_1_308' title='bbox 789 1888 978 1933; x_wconf 83' lang='lat' dir='ltr'>congessit,</span> <span class='ocrx_word' id='word_1_309' title='bbox 1002 1889 1100 1934; x_wconf 84' lang='lat' dir='ltr'>plana</span> <span class='ocrx_word' id='word_1_310' title='bbox 1123 1889 1356 1932; x_wconf 82' lang='lat' dir='ltr'>relinquuntur</span> <span class='ocrx_word' id='word_1_311' title='bbox 1381 1892 1415 1920; x_wconf 84' lang='lat' dir='ltr'>et</span> <span class='ocrx_word' id='word_1_312' title='bbox 1436 1886 1624 1931; x_wconf 83' lang='lat' dir='ltr'>perspicua.</span> 
     </span>
    </p>
   </div>
   <div class='ocr_carea' id='block_1_5' title="bbox 296 1961 1762 2860">
    <p class='ocr_par' dir='ltr' id='par_1_5' title="bbox 296 1961 1762 2860">
     <span class='ocr_line' id='line_1_33' title="bbox 414 1961 1762 2012; baseline -0.001 -14"><span class='ocrx_word' id='word_1_313' title='bbox 414 1962 459 1998; x_wconf 79' lang='lat' dir='ltr'>bi.</span> <span class='ocrx_word' id='word_1_314' title='bbox 471 1975 505 1999; x_wconf 81' lang='grc' dir='ltr'>ν.</span> <span class='ocrx_word' id='word_1_315' title='bbox 522 1963 583 2002; x_wconf 83' lang='grc'>13.</span> <span class='ocrx_word' id='word_1_316' title='bbox 612 1962 711 2011; x_wconf 88' lang='lat' dir='ltr'>Equi</span> <span class='ocrx_word' id='word_1_317' title='bbox 726 1965 901 2012; x_wconf 65' lang='lat' dir='ltr'>sagmarii</span> <span class='ocrx_word' id='word_1_318' title='bbox 915 1963 1068 1999; x_wconf 82' lang='lat' dir='ltr'>Graecis</span> <span class='ocrx_word' id='word_1_319' title='bbox 1086 1963 1232 2010; x_wconf 85' lang='lat' dir='ltr'>quidem</span> <span class='ocrx_word' id='word_1_320' title='bbox 1252 1961 1332 1998; x_wconf 86' lang='lat' dir='ltr'>noti</span> <span class='ocrx_word' id='word_1_321' title='bbox 1356 1965 1395 1999; x_wconf 92' lang='lat' dir='ltr'>et</span> <span class='ocrx_word' id='word_1_322' title='bbox 1418 1961 1544 1998; x_wconf 83' lang='lat' dir='ltr'>usitati</span> <span class='ocrx_word' id='word_1_323' title='bbox 1569 1961 1672 2010; x_wconf 79' lang='lat' dir='ltr'>sunt,</span> <span class='ocrx_word' id='word_1_324' title='bbox 1694 1961 1762 1997; x_wconf 85' lang='lat' dir='ltr'>sed</span> 
     </span>
     <span class='ocr_line' id='line_1_34' title="bbox 300 2013 1760 2069; baseline 0 -16"><span class='ocrx_word' id='word_1_325' title='bbox 300 2017 406 2054; x_wconf 86' lang='lat' dir='ltr'>educi</span> <span class='ocrx_word' id='word_1_326' title='bbox 428 2030 503 2054; x_wconf 90' lang='lat' dir='ltr'>non</span> <span class='ocrx_word' id='word_1_327' title='bbox 524 2023 684 2067; x_wconf 87' lang='lat' dir='ltr'>possunt</span> <span class='ocrx_word' id='word_1_328' title='bbox 710 2031 755 2057; x_wconf 83' lang='lat' dir='ltr'>ex</span> <span class='ocrx_word' id='word_1_329' title='bbox 778 2019 838 2055; x_wconf 84' lang='lat' dir='ltr'>illa</span> <span class='ocrx_word' id='word_1_330' title='bbox 857 2018 991 2056; x_wconf 90' lang='lat' dir='ltr'>Codini</span> <span class='ocrx_word' id='word_1_331' title='bbox 1014 2018 1170 2054; x_wconf 88' lang='lat' dir='ltr'>lectione</span> <span class='ocrx_word' id='word_1_332' title='bbox 1192 2013 1438 2069; x_wconf 75' lang='grc' dir='ltr'><em>τζαγμᾶριος,</em></span> <span class='ocrx_word' id='word_1_333' title='bbox 1463 2017 1550 2066; x_wconf 90' lang='lat' dir='ltr'>quia</span> <span class='ocrx_word' id='word_1_334' title='bbox 1563 2029 1660 2054; x_wconf 86' lang='lat' dir='ltr'>vana</span> <span class='ocrx_word' id='word_1_335' title='bbox 1681 2020 1760 2054; x_wconf 87' lang='lat' dir='ltr'>est:</span> 
     </span>
     <span class='ocr_line' id='line_1_35' title="bbox 299 2069 1762 2126; baseline 0.001 -16"><span class='ocrx_word' id='word_1_336' title='bbox 299 2073 599 2111; x_wconf 82' lang='lat' dir='ltr'>substituendum</span> <span class='ocrx_word' id='word_1_337' title='bbox 623 2075 721 2112; x_wconf 90' lang='lat' dir='ltr'>enim</span> <span class='ocrx_word' id='word_1_338' title='bbox 739 2075 971 2126; x_wconf 79' lang='grc' dir='ltr'><em>τζαγγάριος</em></span> <span class='ocrx_word' id='word_1_339' title='bbox 984 2073 1042 2110; x_wconf 89' lang='lat' dir='ltr'>vel</span> <span class='ocrx_word' id='word_1_340' title='bbox 1062 2069 1303 2126; x_wconf 77' lang='grc' dir='ltr'><em>τζαγκᾶριος.</em></span> <span class='ocrx_word' id='word_1_341' title='bbox 1332 2077 1371 2111; x_wconf 82' lang='lat' dir='ltr'>et</span> <span class='ocrx_word' id='word_1_342' title='bbox 1389 2077 1432 2110; x_wconf 86' lang='lat' dir='ltr'>ut</span> <span class='ocrx_word' id='word_1_343' title='bbox 1452 2073 1554 2125; x_wconf 86' lang='lat' dir='ltr'>prior</span> <span class='ocrx_word' id='word_1_344' title='bbox 1578 2073 1762 2123; x_wconf 82' lang='lat' dir='ltr'>scriptura</span> 
     </span>
     <span class='ocr_line' id='line_1_36' title="bbox 299 2129 1760 2180; baseline 0 -14"><span class='ocrx_word' id='word_1_345' title='bbox 299 2130 540 2179; x_wconf 73' lang='lat' dir='ltr'>mtineretur,</span> <span class='ocrx_word' id='word_1_346' title='bbox 560 2143 636 2168; x_wconf 89' lang='lat' dir='ltr'>non</span> <span class='ocrx_word' id='word_1_347' title='bbox 659 2133 885 2180; x_wconf 82' lang='lat' dir='ltr'>sagmarius,</span> <span class='ocrx_word' id='word_1_348' title='bbox 914 2133 957 2166; x_wconf 89' lang='lat' dir='ltr'>ut</span> <span class='ocrx_word' id='word_1_349' title='bbox 980 2129 1129 2180; x_wconf 83' lang='lat' dir='ltr'>Iunius,</span> <span class='ocrx_word' id='word_1_350' title='bbox 1158 2130 1224 2167; x_wconf 86' lang='lat' dir='ltr'>sed</span> <span class='ocrx_word' id='word_1_351' title='bbox 1241 2129 1364 2180; x_wconf 90' lang='lat' dir='ltr'>potius</span> <span class='ocrx_word' id='word_1_352' title='bbox 1379 2131 1599 2179; x_wconf 73' lang='lat' dir='ltr'>tzagmarius</span> <span class='ocrx_word' id='word_1_353' title='bbox 1613 2133 1760 2167; x_wconf 89' lang='lat' dir='ltr'>verten-</span> 
     </span>
     <span class='ocr_line' id='line_1_37' title="bbox 298 2186 1762 2237; baseline 0.001 -15"><span class='ocrx_word' id='word_1_354' title='bbox 298 2187 388 2223; x_wconf 80' lang='lat' dir='ltr'>dum</span> <span class='ocrx_word' id='word_1_355' title='bbox 414 2190 531 2223; x_wconf 88' lang='lat' dir='ltr'>esset:</span> <span class='ocrx_word' id='word_1_356' title='bbox 566 2199 652 2224; x_wconf 83' lang='lat' dir='ltr'>nam</span> <span class='ocrx_word' id='word_1_357' title='bbox 677 2187 880 2236; x_wconf 79' lang='lat' dir='ltr'>sagmarius</span> <span class='ocrx_word' id='word_1_358' title='bbox 903 2186 1055 2223; x_wconf 84' lang='lat' dir='ltr'>Graecis</span> <span class='ocrx_word' id='word_1_359' title='bbox 1090 2199 1167 2224; x_wconf 90' lang='lat' dir='ltr'>non</span> <span class='ocrx_word' id='word_1_360' title='bbox 1192 2190 1250 2223; x_wconf 90' lang='lat' dir='ltr'>est</span> <span class='ocrx_word' id='word_1_361' title='bbox 1270 2190 1399 2237; x_wconf 78' lang='lat' dir='ltr'>sutor,</span> <span class='ocrx_word' id='word_1_362' title='bbox 1427 2199 1510 2224; x_wconf 90' lang='lat' dir='ltr'>cum</span> <span class='ocrx_word' id='word_1_363' title='bbox 1541 2198 1564 2224; x_wconf 85' lang='lat' dir='ltr'>a</span> <span class='ocrx_word' id='word_1_364' title='bbox 1590 2189 1762 2236; x_wconf 83' lang='lat' dir='ltr'>sagmate</span> 
     </span>
     <span class='ocr_line' id='line_1_38' title="bbox 298 2217 1762 2295; baseline 0.001 -16"><span class='ocrx_word' id='word_1_365' title='bbox 298 2244 487 2280; x_wconf 85' lang='lat' dir='ltr'>formetur.</span> <span class='ocrx_word' id='word_1_366' title='bbox 517 2246 574 2280; x_wconf 86' lang='lat' dir='ltr'>est</span> <span class='ocrx_word' id='word_1_367' title='bbox 597 2217 742 2282; x_wconf 67' lang='lat' dir='ltr'>autem⁰</span> <span class='ocrx_word' id='word_1_368' title='bbox 750 2239 880 2295; x_wconf 77' lang='grc' dir='ltr'><em>σάγμα</em></span> <span class='ocrx_word' id='word_1_369' title='bbox 907 2242 965 2280; x_wconf 90' lang='lat' dir='ltr'>vel</span> <span class='ocrx_word' id='word_1_370' title='bbox 992 2238 1104 2294; x_wconf 79' lang='grc' dir='ltr'><em>θήκη</em></span> <span class='ocrx_word' id='word_1_371' title='bbox 1133 2258 1203 2282; x_wconf 88' lang='grc' dir='ltr'>του</span> <span class='ocrx_word' id='word_1_372' title='bbox 1231 2239 1377 2291; x_wconf 80' lang='grc' dir='ltr'><strong>ὅπλου,</strong></span> <span class='ocrx_word' id='word_1_373' title='bbox 1406 2244 1508 2282; x_wconf 83' lang='lat' dir='ltr'>theca</span> <span class='ocrx_word' id='word_1_374' title='bbox 1531 2255 1598 2280; x_wconf 83' lang='lat' dir='ltr'>seu</span> <span class='ocrx_word' id='word_1_375' title='bbox 1622 2244 1762 2292; x_wconf 85' lang='lat' dir='ltr'>vagina</span> 
     </span>
     <span class='ocr_line' id='line_1_39' title="bbox 296 2298 1760 2349; baseline -0.001 -12"><span class='ocrx_word' id='word_1_376' title='bbox 296 2312 493 2346; x_wconf 82' lang='lat' dir='ltr'>armorum,</span> <span class='ocrx_word' id='word_1_377' title='bbox 540 2298 596 2336; x_wconf 91' lang='lat' dir='ltr'>vel</span> <span class='ocrx_word' id='word_1_378' title='bbox 630 2313 718 2338; x_wconf 79' lang='lat' dir='ltr'>onus</span> <span class='ocrx_word' id='word_1_379' title='bbox 761 2300 908 2337; x_wconf 79' lang='lat' dir='ltr'>iumenti</span> <span class='ocrx_word' id='word_1_380' title='bbox 942 2301 1142 2337; x_wconf 77' lang='lat' dir='ltr'>sarcinarii.</span> <span class='ocrx_word' id='word_1_381' title='bbox 1193 2299 1278 2336; x_wconf 90' lang='lat' dir='ltr'>hinc</span> <span class='ocrx_word' id='word_1_382' title='bbox 1308 2302 1493 2349; x_wconf 80' lang='lat' dir='ltr'>sagmaria</span> <span class='ocrx_word' id='word_1_383' title='bbox 1519 2301 1673 2338; x_wconf 80' lang='lat' dir='ltr'>iumenta</span> <span class='ocrx_word' id='word_1_384' title='bbox 1701 2298 1760 2336; x_wconf 88' lang='lat' dir='ltr'>vel</span> 
     </span>
     <span class='ocr_line' id='line_1_40' title="bbox 297 2355 1758 2405; baseline 0 -13"><span class='ocrx_word' id='word_1_385' title='bbox 297 2357 521 2404; x_wconf 76' lang='lat' dir='ltr'>sagmataria</span> <span class='ocrx_word' id='word_1_386' title='bbox 539 2355 597 2393; x_wconf 91' lang='lat' dir='ltr'>vel</span> <span class='ocrx_word' id='word_1_387' title='bbox 616 2369 771 2394; x_wconf 73' lang='lat' dir='ltr'>samaria</span> <span class='ocrx_word' id='word_1_388' title='bbox 793 2355 967 2405; x_wconf 82' lang='lat' dir='ltr'>Graecis,</span> <span class='ocrx_word' id='word_1_389' title='bbox 997 2368 1093 2404; x_wconf 79' lang='lat' dir='ltr'>quae</span> <span class='ocrx_word' id='word_1_390' title='bbox 1114 2356 1252 2393; x_wconf 86' lang='lat' dir='ltr'>nostris</span> <span class='ocrx_word' id='word_1_391' title='bbox 1285 2355 1494 2402; x_wconf 80' lang='lat' dir='ltr'>clitellaria3</span> <span class='ocrx_word' id='word_1_392' title='bbox 1522 2356 1572 2394; x_wconf 89' lang='lat' dir='ltr'>ad</span> <span class='ocrx_word' id='word_1_393' title='bbox 1599 2367 1758 2404; x_wconf 88' lang='lat' dir='ltr'>quorum</span> 
     </span>
     <span class='ocr_line' id='line_1_41' title="bbox 297 2411 1758 2461; baseline 0 -13"><span class='ocrx_word' id='word_1_394' title='bbox 297 2412 466 2450; x_wconf 89' lang='lat' dir='ltr'>ultimum</span> <span class='ocrx_word' id='word_1_395' title='bbox 485 2411 616 2450; x_wconf 84' lang='lat' dir='ltr'>alludit</span> <span class='ocrx_word' id='word_1_396' title='bbox 643 2425 714 2450; x_wconf 86' lang='lat' dir='ltr'>vox</span> <span class='ocrx_word' id='word_1_397' title='bbox 742 2412 963 2450; x_wconf 84' lang='lat' dir='ltr'>Germanica</span> <span class='ocrx_word' id='word_1_398' title='bbox 984 2425 1198 2460; x_wconf 81' lang='lat' dir='ltr'>saum-ross,</span> <span class='ocrx_word' id='word_1_399' title='bbox 1227 2425 1293 2450; x_wconf 92' lang='lat' dir='ltr'>seu</span> <span class='ocrx_word' id='word_1_400' title='bbox 1318 2417 1360 2450; x_wconf 90' lang='lat' dir='ltr'>ut</span> <span class='ocrx_word' id='word_1_401' title='bbox 1381 2412 1462 2461; x_wconf 85' lang='lat' dir='ltr'>alii,</span> <span class='ocrx_word' id='word_1_402' title='bbox 1490 2423 1637 2450; x_wconf 74' lang='lat' dir='ltr'>sammcr</span> <span class='ocrx_word' id='word_1_403' title='bbox 1665 2424 1758 2459; x_wconf 74' lang='lat' dir='ltr'>ross,</span> 
     </span>
     <span class='ocr_line' id='line_1_42' title="bbox 297 2468 1759 2536; baseline 0.001 -30"><span class='ocrx_word' id='word_1_404' title='bbox 297 2473 336 2506; x_wconf 84' lang='lat' dir='ltr'>et</span> <span class='ocrx_word' id='word_1_405' title='bbox 355 2481 477 2516; x_wconf 76' lang='lat' dir='ltr'>saum,</span> <span class='ocrx_word' id='word_1_406' title='bbox 504 2469 543 2506; x_wconf 86' lang='lat' dir='ltr'>id</span> <span class='ocrx_word' id='word_1_407' title='bbox 570 2469 738 2507; x_wconf 90' lang='lat' dir='ltr'>nimirum</span> <span class='ocrx_word' id='word_1_408' title='bbox 757 2469 859 2518; x_wconf 90' lang='lat' dir='ltr'>quod</span> <span class='ocrx_word' id='word_1_409' title='bbox 883 2468 1091 2506; x_wconf 90' lang='lat' dir='ltr'>huiusmodi</span> <span class='ocrx_word' id='word_1_410' title='bbox 1120 2481 1239 2518; x_wconf 89' lang='lat' dir='ltr'>equus</span> <span class='ocrx_word' id='word_1_411' title='bbox 1262 2473 1397 2519; x_wconf 86' lang='lat' dir='ltr'>gestat.</span> <span class='ocrx_word' id='word_1_412' title='bbox 1420 2468 1576 2506; x_wconf 81' lang='lat' dir='ltr'>Suidas:</span> <span class='ocrx_word' id='word_1_413' title='bbox 1606 2478 1759 2536; x_wconf 83' lang='grc' dir='ltr'><em>σαγμα-</em></span> 
     </span>
     <span class='ocr_line' id='line_1_43' title="bbox 298 2522 1757 2593; baseline -0.001 -29"><span class='ocrx_word' id='word_1_414' title='bbox 298 2541 366 2577; x_wconf 62' lang='lat' dir='ltr'>(noc</span> <span class='ocrx_word' id='word_1_415' title='bbox 384 2522 427 2565; x_wconf 84' lang='grc' dir='ltr'>τὸ</span> <span class='ocrx_word' id='word_1_416' title='bbox 428 2525 533 2593; x_wconf 84' lang='grc' dir='ltr'><em>παρ’</em></span> <span class='ocrx_word' id='word_1_417' title='bbox 558 2524 658 2577; x_wconf 73' lang='grc' dir='ltr'><em>ἡμῖν</em></span> <span class='ocrx_word' id='word_1_418' title='bbox 677 2522 889 2580; x_wconf 77' lang='grc' dir='ltr'><strong><em>λεγόμενον</em></strong></span> <span class='ocrx_word' id='word_1_419' title='bbox 903 2525 1092 2574; x_wconf 75' lang='grc' dir='ltr'><em>τοῦλδον,</em></span> <span class='ocrx_word' id='word_1_420' title='bbox 1111 2524 1159 2564; x_wconf 82' lang='grc' dir='ltr'>τοὶ</span> <span class='ocrx_word' id='word_1_421' title='bbox 1182 2523 1423 2575; x_wconf 74' lang='grc' dir='ltr'><em>βαστάζοντα</em></span> <span class='ocrx_word' id='word_1_422' title='bbox 1435 2522 1512 2575; x_wconf 79' lang='grc' dir='ltr'>τήν</span> <span class='ocrx_word' id='word_1_423' title='bbox 1526 2537 1757 2573; x_wconf 79' lang='grc' dir='ltr'><em>αποσκευην</em></span> 
     </span>
     <span class='ocr_line' id='line_1_44' title="bbox 299 2579 1754 2634; baseline -0.003 -14"><span class='ocrx_word' id='word_1_424' title='bbox 299 2597 366 2620; x_wconf 79' lang='grc' dir='ltr'>και</span> <span class='ocrx_word' id='word_1_425' title='bbox 389 2596 463 2632; x_wconf 84' lang='grc' dir='ltr'>την</span> <span class='ocrx_word' id='word_1_426' title='bbox 492 2581 759 2634; x_wconf 78' lang='grc' dir='ltr'><em>μετακομιδήν</em></span> <span class='ocrx_word' id='word_1_427' title='bbox 783 2584 861 2622; x_wconf 78' lang='grc' dir='ltr'>τῶν</span> <span class='ocrx_word' id='word_1_428' title='bbox 888 2580 1120 2632; x_wconf 79' lang='grc' dir='ltr'><strong><em>ἐπιτηδείων</em></strong></span> <span class='ocrx_word' id='word_1_429' title='bbox 1157 2581 1356 2619; x_wconf 80' lang='lat' dir='ltr'>Mauricius</span> <span class='ocrx_word' id='word_1_430' title='bbox 1396 2581 1498 2632; x_wconf 85' lang='lat' dir='ltr'>apud</span> <span class='ocrx_word' id='word_1_431' title='bbox 1531 2579 1754 2630; x_wconf 85' lang='lat' dir='ltr'>Rigaltium:</span> 
     </span>
     <span class='ocr_line' id='line_1_45' title="bbox 298 2634 1754 2692; baseline -0.001 -16"><span class='ocrx_word' id='word_1_432' title='bbox 298 2636 502 2684; x_wconf 61' lang='lat'>1052609&#39;</span> <span class='ocrx_word' id='word_1_433' title='bbox 482 2635 572 2689; x_wconf 82' lang='grc' dir='ltr'><strong><em>η’τοι</em></strong></span> <span class='ocrx_word' id='word_1_434' title='bbox 590 2655 637 2678; x_wconf 89' lang='grc' dir='ltr'>τα</span> <span class='ocrx_word' id='word_1_435' title='bbox 660 2634 870 2692; x_wconf 80' lang='grc' dir='ltr'><em>σαγμάρια.</em></span> <span class='ocrx_word' id='word_1_436' title='bbox 898 2638 1006 2675; x_wconf 86' lang='lat' dir='ltr'>idem.</span> <span class='ocrx_word' id='word_1_437' title='bbox 1026 2637 1049 2675; x_wconf 90' lang='lat' dir='ltr'>l.</span> <span class='ocrx_word' id='word_1_438' title='bbox 1078 2641 1096 2678; x_wconf 89' lang='lat'>1</span> <span class='ocrx_word' id='word_1_439' title='bbox 1119 2651 1148 2675; x_wconf 88' lang='lat' dir='ltr'>c.</span> <span class='ocrx_word' id='word_1_440' title='bbox 1172 2639 1197 2677; x_wconf 90' lang='lat'><strong>6</strong></span> <span class='ocrx_word' id='word_1_441' title='bbox 1223 2638 1395 2676; x_wconf 86' lang='lat' dir='ltr'>dixerat</span> <span class='ocrx_word' id='word_1_442' title='bbox 1386 2638 1533 2684; x_wconf 78' lang='grc' dir='ltr'><strong><em>ι’ππους</em></strong></span> <span class='ocrx_word' id='word_1_443' title='bbox 1552 2648 1754 2687; x_wconf 81' lang='grc' dir='ltr'><em>σαγματα-</em></span> 
     </span>
     <span class='ocr_line' id='line_1_46' title="bbox 299 2691 1755 2760; baseline -0.002 -29"><span class='ocrx_word' id='word_1_444' title='bbox 299 2694 421 2742; x_wconf 78' lang='grc' dir='ltr'><strong><em>ρίυυς.</em></strong></span> <span class='ocrx_word' id='word_1_445' title='bbox 450 2694 502 2732; x_wconf 91' lang='lat' dir='ltr'>sic</span> <span class='ocrx_word' id='word_1_446' title='bbox 520 2694 681 2733; x_wconf 87' lang='lat' dir='ltr'>Isidorus</span> <span class='ocrx_word' id='word_1_447' title='bbox 693 2695 869 2734; x_wconf 79' lang='lat' dir='ltr'>caballum</span> <span class='ocrx_word' id='word_1_448' title='bbox 886 2697 1104 2743; x_wconf 73' lang='lat' dir='ltr'>sagmarium</span> <span class='ocrx_word' id='word_1_449' title='bbox 1122 2698 1161 2732; x_wconf 81' lang='lat' dir='ltr'>et</span> <span class='ocrx_word' id='word_1_450' title='bbox 1175 2694 1306 2732; x_wconf 75' lang='lat' dir='ltr'>niulam</span> <span class='ocrx_word' id='word_1_451' title='bbox 1319 2695 1546 2760; x_wconf 48' lang='lat' dir='ltr'>sagmarimm</span> <span class='ocrx_word' id='word_1_452' title='bbox 1575 2691 1755 2742; x_wconf 84' lang='lat' dir='ltr'>Vegetius</span> 
     </span>
     <span class='ocr_line' id='line_1_47' title="bbox 297 2749 1754 2802; baseline -0.001 -16"><span class='ocrx_word' id='word_1_453' title='bbox 297 2750 320 2786; x_wconf 89' lang='lat' dir='ltr'>l.</span> <span class='ocrx_word' id='word_1_454' title='bbox 349 2753 394 2789; x_wconf 77' lang='lat'>3:</span> <span class='ocrx_word' id='word_1_455' title='bbox 424 2752 687 2801; x_wconf 80' lang='lat' dir='ltr'>impedimenta,</span> <span class='ocrx_word' id='word_1_456' title='bbox 713 2752 905 2802; x_wconf 74' lang='lat' dir='ltr'>sagmarii,</span> <span class='ocrx_word' id='word_1_457' title='bbox 930 2750 1066 2788; x_wconf 77' lang='lat' dir='ltr'>calones</span> <span class='ocrx_word' id='word_1_458' title='bbox 1087 2751 1313 2801; x_wconf 74' lang='lat' dir='ltr'>vehiculaquc</span> <span class='ocrx_word' id='word_1_459' title='bbox 1333 2753 1372 2788; x_wconf 83' lang='lat' dir='ltr'>in</span> <span class='ocrx_word' id='word_1_460' title='bbox 1394 2750 1504 2787; x_wconf 80' lang='lat' dir='ltr'>medio</span> <span class='ocrx_word' id='word_1_461' title='bbox 1531 2749 1754 2786; x_wconf 81' lang='lat' dir='ltr'>collocentur.</span> 
     </span>
     <span class='ocr_line' id='line_1_48' title="bbox 296 2804 1754 2860; baseline 0.001 -16"><span class='ocrx_word' id='word_1_462' title='bbox 296 2820 364 2844; x_wconf 80' lang='lat' dir='ltr'>nce</span> <span class='ocrx_word' id='word_1_463' title='bbox 390 2805 536 2846; x_wconf 86' lang='lat' dir='ltr'>Latinis</span> <span class='ocrx_word' id='word_1_464' title='bbox 558 2808 678 2860; x_wconf 86' lang='lat' dir='ltr'>ignoti</span> <span class='ocrx_word' id='word_1_465' title='bbox 699 2814 788 2848; x_wconf 89' lang='lat' dir='ltr'>sunt</span> <span class='ocrx_word' id='word_1_466' title='bbox 808 2808 893 2859; x_wconf 89' lang='lat' dir='ltr'>equi</span> <span class='ocrx_word' id='word_1_467' title='bbox 922 2807 1105 2859; x_wconf 62' lang='lat' dir='ltr'>sagmen,</span> <span class='ocrx_word' id='word_1_468' title='bbox 1134 2811 1176 2846; x_wconf 87' lang='lat' dir='ltr'>ut</span> <span class='ocrx_word' id='word_1_469' title='bbox 1200 2810 1307 2859; x_wconf 80' lang='lat' dir='ltr'>patet</span> <span class='ocrx_word' id='word_1_470' title='bbox 1340 2820 1385 2846; x_wconf 86' lang='lat' dir='ltr'>ex</span> <span class='ocrx_word' id='word_1_471' title='bbox 1407 2807 1446 2844; x_wconf 91' lang='lat' dir='ltr'>S.</span> <span class='ocrx_word' id='word_1_472' title='bbox 1467 2806 1658 2852; x_wconf 80' lang='lat' dir='ltr'>Bernardo</span> <span class='ocrx_word' id='word_1_473' title='bbox 1679 2804 1702 2843; x_wconf 82' lang='lat' dir='ltr'>l.</span> <span class='ocrx_word' id='word_1_474' title='bbox 1727 2807 1754 2846; x_wconf 85' lang='lat'><strong>3</strong></span> 
     </span>
    </p>
   </div>
  </div>
 </body>
</html>
