1864 3164
267 178 365 222 230
484 178 756 223 GRETSERI
773 180 845 222 ET
865 178 1038 223 GOARI
1056 171 1492 223 COMMENTARIUS

268 285 327 318 illa
345 283 484 320 brevior
507 290 560 320 est
583 290 620 320 et
642 297 739 320 suras
760 284 893 326 lambit,
925 284 1048 320 finibus
1071 288 1166 319 caret
1187 289 1222 319 et
1249 284 1385 330 plicis,
1395 282 1507 330 globis
1535 295 1593 320 sua
1627 287 1713 321 mole

268 331 453 384 conspicuis
476 332 655 376 colligatur
677 331 719 365 ad
743 331 841 364 imum
874 341 980 376 usque
1011 336 1145 376 pectus,
1174 341 1298 385 corpus
1327 330 1533 376 adstringit,
1568 336 1605 366 et
1627 342 1714 366 zona

271 376 519 421 praecingitur,
553 378 615 411 sub
646 387 712 421 qua
745 388 877 410 crurum
911 381 1020 410 motus
1050 377 1166 410 limbos
1198 377 1266 410 oris
1288 376 1501 411 interioribus
1522 382 1655 412 assutor-
1678 381 1714 411 et

268 434 293 454 ,ψ
287 422 451 456 abductos
478 423 680 456 manifestat.
726 423 811 456 haec
844 425 951 466 (quae
988 419 1208 466 σκαροὶνικον
1232 423 1300 464 est)
1323 421 1456 466 longior
1478 422 1521 456 ad
1542 423 1630 457 talos
1653 423 1714 457 de-

267 467 363 511 fluit,
399 472 517 512 aperta
547 468 676 511 geritur
708 472 743 502 et
774 468 904 510 cingulo
928 468 1050 522 libera,
1081 468 1215 502 sinuosa
1238 477 1304 501 non
1330 471 1383 501 est
1405 468 1533 522 priore
1538 468 1619 502 licet
1640 479 1712 502 am-

268 513 374 557 plion
402 513 488 546 unde
511 518 546 546 et
568 513 741 550 latioribus
767 514 936 558 rectisque
958 513 1113 558 manicis,
1137 513 1167 547 si
1189 513 1422 558 expandatur,
1444 513 1551 547 crucis
1573 514 1714 548 formam

269 558 423 592 exhibet·
458 570 525 603 qua
548 558 589 592 de
613 570 715 592 causa
738 559 947 593 sacerdotum
973 539 1138 600 tunicam,
1174 570 1236 592 ceu
1258 559 1458 592 senatoriam
1481 563 1517 592 et
1539 570 1713 604 procerum

269 604 456 658 propriam,
481 604 595 637 laudat
617 604 753 638 Simeon
780 605 1040 638 'lhessalonicae
1062 604 1238 660 episcopus
1260 603 1318 637 lib.
1342 603 1386 637 de
1402 605 1526 638 Sacra.
1553 605 1715 660 σταυροῦ

268 646 310 681 ὂε
335 648 453 682 τύπον
477 645 596 705 ἐπέχει
627 651 680 705 τῷ
711 649 816 694 μήκει
849 649 912 685 καὶ
942 653 1020 689 τοῖς
1051 649 1244 694 μανικίοις.
1291 649 1409 683 ταῦτα
1433 642 1500 683 οὖν
1521 662 1568 684 τα
1588 646 1716 705 ἷμοὶτιοι

269 691 376 728 κοινοὶ
398 695 511 738 πᾶσι,
535 693 599 728 καὶ
622 684 671 734 ὥς
693 695 825 739 φασίν,
851 693 890 728 ἐκ
916 694 1098 739 βασιλικῆς
1121 695 1273 737 δωρεᾶς,
1297 692 1351 734 εἰς
1372 690 1481 739 τιμὴν
1505 692 1714 740 ἷερωσύνης,

269 735 327 773 ὅτι
350 738 413 773 καὶ
437 739 668 784 συγκλητικοὶ
688 743 806 775 ταῦτα
839 737 1046 775 ἐνδύονται.
1093 741 1228 786 primam
1256 751 1344 785 quae
1369 740 1490 775 milites
1513 741 1612 775 decet
1635 741 1716 775 lau-

269 787 330 818 dat
355 785 504 819 'l'zetzes
527 786 669 820 Chiliad.
693 789 735 820 2:
770 783 915 829 ἔσθημα
948 782 1141 840 ἐνυάλιον,
1174 786 1402 827 στρατιωτῶν
1422 781 1465 820 τὸ
1488 783 1592 831 εἷμα,
1625 783 1716 829 ὅπερ

267 828 435 875 παβοὶδης
459 828 600 874 λέγεται
624 827 697 866 α’πό
731 831 914 878 Καβοὶὸου
947 828 1106 875 Πέρσου.
1155 843 1269 864 verum
1292 831 1326 865 in
1351 831 1514 866 cabadem
1537 832 1624 866 hunc
1645 832 1717 866 Ro-

268 887 399 909 manum
422 887 538 920 sagum
559 877 785 921 degenerasse
808 881 955 911 autumo.
1004 877 1047 911 ab
1071 877 1217 921 Assyriis
1243 876 1286 910 ad
1310 877 1436 911 curiam
1461 877 1520 911 ΟΡ
1541 877 1718 912 transiisse

270 921 398 955 scribet
420 927 538 956 auctor
562 922 701 956 inferius
725 934 755 956 c.
780 924 802 957 6
823 922 865 956 ad
892 923 1030 963 calcem·
1055 923 1143 968 quod
1171 923 1212 956 de
1236 927 1396 966 externo,
1432 933 1495 957 ceu
1519 934 1540 956 a
1559 923 1718 958 Romanis

269 967 384 1000 usibus
410 967 536 1010 alieno,
569 968 691 1002 dictum
714 969 830 1002 lubens
853 968 1056 1013 amplector:
1086 980 1106 1002 a
1139 980 1251 1012 cappa
1274 979 1354 1001 vero
1377 968 1484 1013 (quod
1508 967 1565 1003 alii
1584 969 1718 1003 commi·

268 1012 471 1056 niscantur),
495 1013 639 1047 barbara
662 1013 857 1047 Latinorum
879 1025 964 1048 voce
986 1019 1222 1060 nuncupatum,
1245 1023 1266 1048 a
1288 1014 1393 1052 forma
1413 1013 1577 1059 siquidem
1597 1015 1718 1050 abhor-

269 1062 346 1100 ret,
370 1070 413 1093 ne
434 1059 538 1092 risum
566 1064 719 1102 moveat,
743 1059 851 1093 nullus
872 1060 1029 1094 affirmet.

382 1115 618 1170 Καββάδιον
638 1118 817 1168 despotae
838 1122 897 1156 est
925 1114 1007 1166 ὀξύ.
1036 1121 1079 1155 ut
1097 1115 1280 1167 intelligas
1304 1117 1394 1167 quid
1420 1118 1471 1156 sit
1489 1117 1590 1156 color
1609 1113 1718 1167 ὀξύς,

130 1173 153 1207 Ρ
181 1175 246 1210 197
270 1174 357 1211 andi
376 1174 466 1223 quid
486 1173 731 1212 casaubonus
752 1187 795 1211 ex
812 1174 988 1212 Turnebo
1005 1174 1142 1212 scribat
1159 1175 1207 1210 ad
1224 1174 1313 1212 iuud
1334 1173 1507 1212 Trebellii
1525 1174 1719 1212 Pollionis:

268 1230 468 1280 chlamydes
491 1234 566 1268 veri
583 1230 723 1268 luminis
749 1231 912 1268 limbatas
936 1231 1037 1271 duas,
1075 1230 1198 1267 lumen
1224 1243 1300 1268 non
1329 1234 1387 1268 est
1414 1231 1545 1268 coloris
1572 1243 1720 1280 nomen,

267 1286 334 1322 sed
354 1286 531 1336 affectus,
560 1287 622 1334 qui
643 1287 809 1335 seqnitur
834 1287 973 1325 colores
998 1286 1227 1324 intensiores.
1258 1299 1460 1337 purpuram
1481 1287 1557 1324 veri
1574 1287 1720 1324 luminis

267 1342 432 1392 appellat
467 1343 600 1380 clarum
634 1341 870 1394 Lampridius
906 1343 944 1380 in
980 1342 1233 1391 Diadumeno,
1271 1343 1309 1379 in
1341 1342 1551 1381 Alexandro
1582 1344 1721 1382 Severo

269 1398 509 1439 clarissimam.
565 1398 745 1449 Vopiscus
776 1399 814 1435 in
843 1399 980 1436 Carino
1020 1399 1143 1435 lumen
1182 1411 1368 1448 purpurae
1407 1398 1569 1448 eleganti
1606 1399 1720 1436 verbo

269 1454 470 1504 expressit,
498 1467 579 1492 cum
600 1455 709 1493 lineas
730 1457 893 1492 micantes
906 1467 1067 1505 purpura
1084 1453 1186 1491 dixit.
1231 1453 1363 1491 Graeci
1382 1454 1445 1503 qui
1463 1454 1589 1506 purius
1607 1454 1721 1493 locuti

268 1514 376 1559 sunt,
408 1511 483 1548 veri
511 1510 656 1548 luminis
683 1510 822 1548 colores
849 1511 975 1548 dicunt
1004 1506 1124 1558 ὀξεῖς,
1154 1510 1336 1559 posterior
1362 1514 1465 1548 aetas
1485 1507 1722 1561 ἀληθινούς.

268 1567 367 1603 unde
383 1567 542 1604 obtinuit
558 1571 599 1604 ut
618 1562 793 1616 ἅληθινά
811 1566 1084 1616 appellarentur
1103 1566 1224 1602 omnia
1243 1578 1428 1616 purpurea
1446 1571 1599 1617 propter
1613 1580 1722 1619 prae-

268 1623 444 1660 stantiam
463 1623 557 1661 saeri
576 1623 731 1660 muricis.
761 1624 861 1673 apud
883 1622 1139 1660 Balsamonem
1171 1622 1209 1658 in
1238 1621 1459 1660 Photianum
1486 1622 1722 1661 Nomocano—

268 1691 353 1716 nem
373 1679 487 1717 habes
516 1675 691 1730 ἀληθινοὶ
713 1675 973 1730 ὑποδήματα,
1003 1678 1235 1716 calceamenta
1258 1691 1435 1729 purpurea
1459 1683 1493 1717 et
1516 1682 1593 1717 veri
1615 1679 1722 1718 Iumi-

268 1737 348 1784 nis,
373 1736 420 1773 de
446 1735 578 1785 quibus
593 1736 703 1773 etiam
723 1735 909 1785 Corippus
926 1735 1025 1772 laud.
1046 1734 1177 1771 Iustini
1195 1735 1222 1773 2
1248 1734 1337 1774 104.

361 1800 457 1842 p.l4
472 1811 504 1832 v.
525 1801 579 1834 17.
626 1800 747 1834 iterum
766 1800 853 1834 salso
874 1799 947 1832 veri
970 1799 1108 1832 luminis
1125 1798 1198 1832 sive
1218 1798 1484 1853 splendidissimi
1497 1799 1630 1834 ruboris
1644 1799 1721 1833 fuco

268 1844 371 1877 dictio
386 1826 631 1885 Egvginficitur
656 1845 747 1879 itane
759 1856 842 1879 unus
854 1845 990 1878 duarum
1003 1844 1197 1884 dictionum,
1217 1841 1507 1889 quasv'p‘particula
1523 1844 1724 1878 disiunctiva

270 1889 495 1929 discriminat,
532 1891 704 1934 colligitur
730 1888 873 1925 sensus!
921 1889 976 1934 qui
1002 1889 1207 1942 pertinacius
1232 1890 1434 1931 asseruerit,
1465 1890 1594 1924 colores
1628 1890 1722 1934 ipsos

268 1934 437 1987 inspi1iat.
483 1935 517 1968 in
550 1947 599 1969 ms
627 1936 755 1970 Tiliani
785 1936 896 1969 limine
929 1934 1144 1979 imperatoris
1176 1934 1310 1978 effigies
1334 1936 1468 1968 rubrum
1491 1939 1638 1968 ostentat
1659 1946 1722 1967 ve-

271 1980 478 2021 stimentum,
513 1980 547 2013 in
574 1981 837 2023 Sandionysiaco
863 1980 1056 2013 violaceum.
1102 1979 1282 2022 utrobique
1305 1979 1449 2013 eiusdem
1473 1984 1524 2013 est
1547 1979 1721 2032 principis,

271 2024 437 2057 Manuelis
468 2025 637 2059 nimirum:
670 2026 853 2059 violaceum
876 2025 993 2068 itaque
1015 2024 1102 2057 sicut
1127 2030 1161 2056 et
1182 2034 1384 2076 purpureum
1407 2023 1471 2057 sibi
1495 2025 1633 2058 assumit
1655 2025 1721 2058 im-

270 2076 424 2113 perator.
471 2074 508 2103 at
530 2070 714 2126 despotae,
741 2071 782 2103 de
797 2080 879 2124 ‚quo
897 2080 1018 2110 sermo,
1042 2074 1078 2101 et
1100 2067 1312 2122 imperatoris
1337 2069 1516 2103 communis
1543 2074 1598 2103 est
1620 2071 1721 2104 caba-

272 2114 325 2147 dis
349 2119 507 2155 ornatus,
539 2111 581 2148 τό
606 2111 740 2158 ᾇοῦχον
761 2112 879 2148 αὐτοῦ
903 2111 1021 2156 ἅσπερ
1045 2111 1108 2146 καὶ
1131 2109 1172 2146 τὸ
1206 2112 1410 2167 βασιλικόν.
1442 2114 1490 2148 ita
1521 2126 1629 2158 nuper
1660 2126 1724 2148 au-

272 2163 355 2193 ctor.
402 2160 535 2193 Ioannis
565 2160 718 2203 collegae
749 2163 885 2212 praeter
916 2159 998 2191 haec
1031 2158 1181 2202 effigies,
1216 2158 1301 2192 sicut
1332 2163 1367 2192 et
1391 2163 1532 2204 paterna
1554 2159 1724 2194 Manuelis

270 2205 504 2250 imperatoris.
530 2205 583 2238 cui
609 2209 721 2246 astat,
756 2204 940 2238 violaceam
964 2208 1094 2236 vestem
1117 2209 1265 2238 ostentat
1289 2204 1321 2237 in
1345 2204 1480 2239 laudato
1505 2206 1542 2238 S.
1566 2205 1724 2259 Dionysii

271 2261 334 2285 ms.
383 2262 465 2295 ergo
490 2250 652 2295 despotae
673 2248 881 2296 καββάδιον
907 2245 972 2292 ὀξύ
995 2243 1022 2293 ἢ
1049 2244 1234 2293 ἐρυθρόν·
1268 2251 1432 2294 cabades,
1464 2251 1620 2296 inquam,
1650 2251 1724 2286 υἱο-

271 2297 386 2331 zaceus
408 2301 471 2330 aut
488 2307 692 2341 purpureus.

363 2353 408 2386 ib.
439 2363 478 2385 v.
515 2353 568 2386 19.
598 2352 665 2387 τοῦ
693 2349 879 2391 Καίσαρος
907 2347 967 2384 ἐπὶ
998 2349 1070 2384 τῶν
1100 2344 1236 2393 ἑορτῶν
1266 2351 1443 2396 ζητεῖται]
1476 2351 1658 2396 reperitur
1667 2351 1725 2386 ille

272 2398 431 2432 Caesaris
466 2396 598 2431 habitus
627 2408 648 2431 a
680 2396 792 2430 Barda
822 2395 855 2428 in
896 2396 1026 2440 publico
1058 2397 1260 2441 solemnique
1291 2408 1452 2440 processu
1483 2397 1527 2431 ad
1549 2397 1725 2431 ecclesiam

274 2442 330 2475 die
354 2444 443 2476 sesto
468 2448 620 2485 gestatus
644 2441 730 2498 apud
758 2441 903 2475 Leonem
928 2442 1191 2476 Grammaticum
1218 2443 1250 2475 in
1276 2442 1442 2476 Michaele
1463 2442 1644 2496 Theophili
1669 2443 1723 2476 F:

274 2485 404 2531 Βάρδα
443 2487 484 2522 δὲ
517 2489 584 2522 τοῦ
613 2486 800 2529 Καίσαρος
830 2482 870 2520 ἐν
904 2486 950 2531 τῇ
982 2485 1190 2528 προελεύσει
1216 2485 1451 2532 διερχομένου
1473 2484 1565 2532 μετὰ
1586 2497 1724 2530 σπαρα-

271 2533 427 2577 μαγγίου
449 2531 564 2575 ὀξέος.
612 2539 664 2567 est
694 2543 776 2565 vero
804 2529 1075 2575 σκαραμοὶγγιον
1099 2533 1210 2566 tunica
1232 2533 1371 2567 Persica
1395 2545 1476 2567 auro
1500 2533 1642 2574 intexta,
1665 2543 1725 2565 ea·-

273 2579 347 2611 dem
372 2591 444 2611 cum
466 2579 663 2619 semanim,
694 2578 737 2611 de
759 2587 853 2632 quo
852 2577 991 2610 iuferius
1015 2582 1145 2611 auctor
1191 2579 1344 2621 suggerit
1374 2582 1556 2631 propterea
1585 2577 1726 2611 Caesari

277 2624 385 2656 eidem
412 2625 606 2658 philotheus
630 2623 771 2657 amicus·
804 2634 957 2676 αυριον,
993 2615 1020 2654 ὦ
1053 2621 1236 2666 δέσποτα,
1266 2624 1465 2669 περιβαλοῦ
1495 2619 1560 2657 τὸν
1592 2632 1723 2677 χρυσο-

275 2667 449 2711 πεισικόν
473 2681 540 2703 σου
563 2668 798 2712 χιτωιίσκον,
833 2679 896 2701 και
926 2664 1067 2722 ὄφθητι
1091 2680 1168 2706 τοις
1190 2649 1339 2712 ἐχθροῖς
1360 2679 1438 2703 σου.
1484 2664 1560 2701 ἀπὸ
1584 2664 1727 2721 προσώ-

274 2726 349 2746 που
373 2724 439 2746 σου
445 2712 674 2768 φεύξονται.
723 2713 788 2747 τοῦ
821 2709 924 2755 ἡλίου
948 2709 989 2745 δε
1015 2724 1122 2746 ανατ
1115 2712 1274 2752 ι’λανπος
1296 2713 1396 2759 ιππφ
1420 2709 1551 2758 ἒπιβας
1572 2709 1726 2767 παρεγέ-

277 2771 359 2792 νετο
385 2755 476 2800 πυὸς
497 2756 565 2803 τὴν
587 2757 723 2803 κόρτην
741 2759 806 2792 τοῦ
823 2754 1013 2811 βασιλέως
1009 2769 1048 2790 aa
1053 2754 1096 2790 τὰ
1112 2759 1240 2803 στολῆς
1254 2749 1431 2804 Zapnpffo'lg
1479 2769 1596 2793 vocem
1613 2755 1727 2802 κόρτη

277 2804 455 2840 tentorium
481 2805 535 2839 hic
557 2804 707 2839 indicare
730 2803 1025 2838 demonstrabimus
1050 2803 1141 2838 alibi
