1864 3164
380 216 478 263 372
597 215 875 262 GRETSERI
892 217 965 260 ET
986 216 1160 262 GOARI
1181 213 1620 271 COMMENTARJUS

383 329 610 368 consecravit
628 330 824 383 episcopus
840 329 1099 368 Caesariensis.
1158 326 1204 377 ὃς
1231 327 1340 382 παροέ
1367 332 1445 371 τοῦ
1480 331 1722 385 Καισαρείας
1758 347 1828 374 κε-

381 384 643 440 χειροτόνητο.
699 388 761 426 ubi
797 388 894 425 male
923 387 1104 437 interpres
1142 385 1317 426 wolfius:
1367 401 1391 425 a
1410 387 1646 441 {Caesariensi
1672 392 1828 441 episcopo

383 445 521 484 electus.
548 458 624 483 non
642 445 767 482 electus
790 445 858 483 sed
880 447 1094 482 consecratus
1111 448 1181 481 est.-
1206 443 1278 481 iam
1298 446 1409 482 antea
1421 443 1516 483 enim
1535 445 1656 482 fuerat
1675 444 1826 496 electus,

381 500 450 541 καὶ
487 501 766 552 προεχειρίσθη
796 496 1035 551 πατριάρχης
1067 495 1316 547 Πολύευκτος
1347 496 1531 552 μοναχός.
1587 499 1683 539 male
1710 503 1824 540 etiam

381 558 536 594 Crusius
566 558 604 594 in
630 558 782 594 historia
808 556 1048 608 patriarchica
1072 555 1208 594 Malaxi
1238 557 1262 594 l.
1286 560 1314 598 2
1342 555 1634 607 Turcograeciae
1652 570 1688 608 p.
1721 558 1823 598 131:

380 610 670 665 ἐχειροτόνησεν
703 610 827 653 αὕτόν
851 613 876 653 ὁ
904 612 1130 665 Ἡρακλείας
1161 608 1418 664 πατριάρχην.
1473 613 1669 652 declaravit
1709 615 1823 663 ipsum

379 670 622 709 Heracleensis
643 670 895 721 patriarcham.
926 669 1000 707 imo
1028 671 1250 718 consecravit,
1275 669 1462 717 ordinavit,
1475 671 1642 708 initiavit.
1671 668 1822 721 pulchre

380 727 547 764 Zonaras
572 727 621 764 ad
645 739 723 764 can.
754 727 777 766 1
797 724 955 777 Apost.:
983 728 1059 766 νῦν
1087 723 1159 777 μὲν
1185 725 1404 779 χειροτονία
1424 728 1596 766 καλεῖται
1615 725 1645 777 η’
1666 728 1739 776 τῆς
1753 741 1821 765 κα-

378 780 606 835 θιερώσεως
633 786 704 824 τοῦ
727 782 911 835 ἱερᾶσθαι
930 779 1118 834 λαχόντος
1135 781 1398 835 τελεσιουργία
1415 784 1495 822 τῶν
1517 777 1646 834 εὕχῶν
1663 781 1731 822 καὶ
1749 784 1823 822 τοῦ

379 837 499 891 ἁγίου
524 834 749 891 πνεύματος
770 838 968 890 ἐπίκλησις
988 835 1066 879 dno*
1087 840 1159 879 τοῦ
1175 835 1244 896 τὸν
1265 834 1442 890 ἀρχιερέα
1459 837 1603 880 τείνειν
1621 834 1694 890 τὴν
1712 842 1821 890 χεῖρα

378 892 623 948 εὐλογοῦντα
647 892 718 936 τόν
737 891 1095 949 χειροτονούμενον·
1131 891 1254 935 πάλαι
1269 893 1311 936 δὲ
1329 894 1398 935 καὶ
1416 889 1516 948 anim*
1533 892 1565 947 ἦ
1582 896 1725 947 ψῆφος
1741 908 1820 946 χει-

375 951 540 1004 ροτονία
557 946 775 1003 ὥνόμαστο.

489 1018 599 1056 Errat
619 1019 753 1056 iterum
769 1016 895 1056 Iunius
915 1030 997 1055 cum
1013 1017 1127 1055 verba
1144 1017 1237 1066 ista,
1259 1014 1302 1057 ἐν
1322 1014 1366 1057 δὲ
1383 1017 1442 1072 τῷ
1459 1018 1528 1068 τῆς
1547 1012 1670 1058 adro&
1691 1031 1818 1069 χειρο-

377 1075 513 1122 τονίας
535 1077 663 1128 καιρῷ
692 1074 837 1126 ἔρχεται
856 1071 927 1125 μὲν
951 1073 975 1113 ὁ
993 1071 1176 1125 βασιλεύς
1200 1073 1255 1118 εἰς
1274 1070 1348 1122 τήν
1368 1072 1486 1126 ἁγίαν
1507 1074 1688 1122 Σοφίαν,
1714 1086 1817 1111 more

376 1132 593 1169 Calviniano
612 1133 811 1180 detorquet
830 1131 868 1168 in
882 1130 997 1168 solam
1015 1129 1147 1181 (veluti
1164 1129 1320 1167 ministri
1333 1127 1500 1180 alicuius)
1511 1130 1818 1180 designationem,

376 1188 431 1224 ita
449 1192 618 1225 vertens:
647 1201 714 1238 quo
732 1191 847 1225 autem
866 1186 1043 1236 eligendus
1065 1190 1115 1224 est
1139 1190 1295 1238 tempore.
1350 1186 1498 1230 minime
1516 1199 1624 1236 vero,
1649 1187 1718 1224 sed
1741 1198 1816 1236 quo

378 1249 544 1294 tempore
571 1243 780 1281 ordinandus
803 1248 836 1281 et
857 1242 1105 1281 consecrandus
1128 1246 1185 1280 est
1202 1242 1433 1294 patriarcha;
1465 1255 1535 1280 seu
1557 1247 1704 1294 tempore
1722 1243 1816 1280 ordi-

374 1303 530 1346 nationis
543 1304 576 1338 et
589 1302 852 1338 consecrationis
863 1303 1040 1351 appetente
1049 1326 1061 1347 ,
1088 1302 1183 1337 venit
1205 1301 1389 1350 imperator
1402 1299 1451 1338 ad
1463 1303 1620 1338 sanctam
1635 1298 1813 1351 Sophiam.

487 1391 523 1428 p.
548 1378 627 1419 102
647 1390 680 1415 v.
698 1375 736 1417 4.
774 1377 1057 1414 Cantacuzenus
1078 1375 1103 1416 4
1122 1379 1197 1418 37:
1245 1376 1368 1416 divina
1394 1376 1436 1415 S.
1455 1378 1742 1427 spivitusgratia
1756 1379 1813 1416 in·-

375 1437 525 1480 vocata,
553 1438 621 1471 tres
647 1435 685 1471 in
696 1434 939 1484 patriarcham
959 1433 1114 1482 eligunt,
1130 1432 1353 1472 Philotheum
1369 1433 1582 1481 Heracleae,
1610 1431 1813 1472 Macarium

375 1489 641 1541 Plciladelphiae
662 1491 855 1541 episcopos,
886 1493 919 1526 et
946 1491 1125 1540 privatum
1149 1489 1266 1527 adhuc
1285 1488 1472 1529 Nicolaum
1490 1489 1715 1538 &basulam-3
1745 1489 1812 1527 ele-

374 1550 572 1596 crurumque
602 1548 743 1583 nomina
769 1547 970 1595 imperatori
991 1547 1122 1596 scripta
1150 1547 1315 1594 mittunt,
1346 1548 1407 1598 qui
1421 1545 1639 1583 Philotheum
1664 1545 1813 1591 maluit;

375 1607 410 1639 et
439 1605 471 1639 is
495 1616 564 1640 non
591 1602 654 1639 diu
675 1605 775 1652 post,
812 1602 978 1650 legitimis
1005 1602 1156 1639 omnibus
1179 1604 1343 1650 servatis,
1365 1601 1576 1653 patriarcha
1598 1605 1811 1640 consecratus

372 1659 550 1696 ecclesiam
571 1658 792 1708 aliquamdiu
815 1658 1088 1695 administravit.
1122 1657 1207 1694 olim
1229 1658 1428 1708 imperator
1444 1657 1624 1695 arbitratu
1640 1670 1722 1708 suo,
1744 1671 1809 1696 so-

369 1714 439 1763 lus,
459 1715 537 1751 sine
555 1714 810 1764 episcoporum
822 1714 1020 1763 suffragiis,
1042 1714 1286 1764 patriarcham
1303 1714 1540 1764 designabat3
1565 1714 1665 1762 quod
1678 1719 1809 1752 contra

368 1783 529 1807 canones
560 1771 698 1806 sactum
722 1782 802 1806 esse
829 1771 967 1807 fatetur
995 1771 1276 1807 Cantacuzenus
1303 1769 1329 1810 4
1345 1773 1420 1819 37,
1451 1770 1513 1807 ubi
1535 1770 1717 1821 episcopis
1739 1783 1806 1820 po—

368 1831 543 1863 testatem
571 1826 657 1862 facit
680 1830 722 1862 ut
745 1838 845 1862 more
872 1826 984 1862 veteri
1009 1830 1083 1863 tres
1107 1827 1316 1876 nominent,
1347 1838 1394 1865 ex
1417 1826 1549 1874 quibus
1575 1826 1656 1878 ipse
1675 1831 1806 1878 postea

367 1895 450 1919 enin
473 1883 535 1931 qui
555 1882 672 1932 magis
689 1883 850 1919 arriserit
877 1883 1031 1920 caeteris
1050 1883 1244 1933 praeferat.

478 1959 682 2008 Postquam
722 1960 852 1998 Graeci
888 1973 913 1997 a
949 1960 1202 1997 communione
1245 1959 1343 1996 sedis
1381 1958 1606 2010 apostolicae
1649 1960 1804 1998 seiuncti

367 2027 511 2052 onlnem
552 2019 800 2065 potestatem,
846 2016 957 2052 etiam
1003 2015 1305 2063 ecclesiasticam,
1353 2015 1391 2050 in
1428 2027 1515 2051 suos
1561 2016 1801 2066 imperatores

365 2071 658 2119 transtulerunt,
696 2084 771 2108 non
809 2072 1004 2108 defuerunt
1043 2075 1141 2107 certe
1173 2070 1411 2121 imperatores
1440 2070 1607 2120 partibus
1639 2071 1709 2108 sibi
1736 2073 1799 2110 ‹le—

363 2125 470 2171 latis,
493 2127 557 2163 sed
574 2138 647 2174 qua
666 2131 852 2175 potestate
869 2126 1093 2176 patriarchas
1112 2127 1320 2176 ponebant,
1351 2127 1479 2165 eadem
1501 2128 1650 2165 eosdem
1667 2129 1801 2166 iterum

362 2183 623 2232 deponebant,
658 2187 696 2218 et
727 2183 758 2218 si
775 2183 927 2231 liberet,
958 2183 1148 2232 depositos
1172 2184 1410 2233 reponebant.
1469 2185 1590 2222 omnia
1609 2185 1801 2223 historico-

363 2251 444 2275 rum
471 2239 655 2275 volumina
688 2238 796 2287 plena
832 2243 920 2275 sunt
950 2238 1146 2289 exemplis,
1189 2240 1383 2291 praecipue
1422 2239 1582 2278 cedreni
1630 2241 1800 2279 Zonarae

363 2294 503 2344 Glycae
533 2295 767 2331 Constantini
804 2295 1020 2345 Manassae,
1053 2295 1253 2346 Nicephori
1280 2296 1490 2347 Gregorae,
1529 2297 1796 2346 Cantacuzeni3

361 2349 580 2399 Turcasque
617 2364 703 2387 suos
734 2363 959 2387 successores
996 2352 1086 2402 ipsis
1117 2353 1224 2389 factis
1251 2353 1326 2390 suis
1354 2354 1580 2392 edocuerunt
1611 2355 1796 2404 quomodo

357 2406 428 2456 ipsi
453 2408 578 2444 itidem
603 2420 685 2444 cum
718 2407 932 2457 patriarchis
958 2420 1067 2457 agere
1099 2409 1286 2448 deberent.
1341 2414 1440 2447 certe
1465 2410 1694 2448 Mahometes
1720 2411 1797 2447 sul-

358 2466 488 2512 tanns,
522 2464 582 2511 qui
614 2463 760 2513 Cpolim
786 2463 854 2500 sub
874 2477 980 2501 suum
1000 2465 1124 2514 iugum
1145 2466 1268 2515 misit,
1296 2466 1356 2502 vix
1373 2466 1444 2502 alio
1465 2467 1538 2504 ritu
1561 2466 1794 2505 Gennadium

346 2519 584 2556 vScholarium
604 2520 740 2557 creavit
760 2532 868 2568 quam
887 2521 946 2557 hic
963 2533 986 2558 a
1010 2521 1157 2559 Codino
1176 2522 1421 2560 describatur:
1448 2535 1529 2561 nam
1547 2526 1622 2562 suis
1637 2524 1795 2562 manibus

358 2576 584 2615 ὁεκανίκιον
603 2590 662 2614 seu
687 2577 926 2626 δικανίκιον,
957 2578 1133 2627 pastorale
1157 2579 1304 2629 pedum,
1328 2581 1450 2628 magni
1461 2582 1569 2631 pretii
1586 2579 1703 2629 dedit,
1727 2579 1792 2617 ba-

355 2630 472 2668 calum
496 2644 611 2682 nempe
627 2638 827 2682 argenteum
843 2636 1063 2683 inauratum,
1085 2637 1271 2687 artificiose
1289 2635 1443 2686 sactum.
1499 2635 1596 2674 dedit
1618 2638 1653 2674 et
1669 2647 1791 2686 equum

354 2685 479 2723 bonum
505 2691 539 2724 et
564 2691 691 2726 certam
722 2702 902 2727 aureorum
929 2702 1117 2738 summam,
1146 2692 1200 2730 his
1217 2693 1330 2730 verbis
1348 2693 1501 2731 additis.-
1528 2691 1791 2744 quodfaustam

354 2754 399 2778 ac
419 2740 516 2791 felix
543 2745 612 2791 sit,
643 2748 714 2782 esto
735 2745 967 2795 patriai-clam
994 2750 1028 2784 et
1046 2750 1139 2785 utere
1163 2755 1281 2788 nostra
1310 2752 1470 2788 amicitia
1495 2752 1533 2788 in
1550 2749 1672 2800 quibus
1691 2748 1792 2786 rebus

352 2796 445 2833 voles
460 2826 468 2840 ‚
512 2798 637 2836 habens
663 2804 776 2838 omnia
797 2805 878 2839 iura
897 2804 1169 2853 privz‘legz‘aqae,
1213 2807 1322 2844 sicuti
1347 2808 1534 2857 superiores
1561 2809 1642 2844 ante
1665 2807 1698 2841 te
1716 2817 1790 2855 pa-

350 2853 525 2892 tria-rclaeae
567 2855 774 2898 Ιιαύιιωαιιὲ.
805 2858 918 2898 ,habe
956 2873 1087 2911 qnoque
1128 2863 1289 2913 templum
1327 2867 1525 2902 sanctorum
1558 2860 1788 2914 apostolorum
