1864 3164
260 200 360 248 420

303 308 400 352 cleri,
423 317 490 353 quo
508 307 640 350 habitu,
658 308 771 350 cantu,
796 304 967 349 liturgiae,

301 356 479 395 horarum,
511 352 737 399 tropariorum
778 351 968 385 celebretur

300 400 367 445 43,
392 400 435 434 19
459 411 532 444 sqq.
561 410 649 443 quae
671 396 894 431 circumstatio
909 396 967 438 44,

301 447 358 480 15.
389 445 469 490 imp.
503 448 539 478 et
574 453 748 488 procerum
781 442 968 486 gestamina

298 491 364 532 47,
400 492 442 524 11
476 501 547 534 sqq.
586 489 753 522 flammula
791 488 877 522 ibid.
912 489 968 522 21.

299 535 385 570 ritus
414 535 451 569 in
482 535 632 568 oratorio
666 533 732 576 48,
767 535 823 568 21.
852 544 892 567 eo
915 533 969 567 die

299 581 380 626 imp.
404 580 513 614 cibum
544 580 579 614 in
609 579 757 614 triclinio
781 579 880 613 sumit
904 579 968 613 mi—

300 626 520 661 nistrantibus
554 626 651 659 varie
684 624 878 671 proceribus
912 624 970 666 55,

300 674 343 707 11
367 683 439 715 sqq.
466 676 502 704 et
533 670 795 716 apprecantibus
817 670 861 703 ad
883 681 968 704 nau-

299 727 392 750 seam
415 716 497 750 ibid.
533 716 587 752 15.
624 717 688 757 69,
724 717 777 751 18.
807 716 911 750 etiam
934 715 969 749 in

300 762 417 801 luctu3
442 762 514 795 eius
537 761 604 795 diei
627 761 872 805 magnificentia
890 762 968 796 301.

299 806 514 841 nativitatem
548 807 677 841 Christi
710 811 816 852 agunt
848 807 872 842 6
915 807 970 840 Ia-

300 863 399 886 nuar.
443 853 605 897 Aegyptii
641 852 721 888 304.
753 853 788 886 in
819 852 969 887 Thracia

301 902 383 931 ante
405 909 433 930 s.
467 897 700 942 chrysostomi
736 901 889 944 tempora
911 910 968 932 ce-

302 943 435 977 lebrata
457 943 543 977 ibid.
571 943 751 977 nativitate
776 944 810 977 b.
826 944 970 987 virginis

303 988 346 1022 fit
368 989 540 1068 pr500essio
565 988 608 1023 ad
625 990 861 1023 monasterium
876 989 970 1024 Libis

301 1035 370 1075 80,
420 1058 429 1067 .

259 1079 439 1123 nepotibus
473 1079 552 1124 imp.
586 1091 606 1113 a
636 1090 758 1123 magno
787 1079 969 1114 domestico

303 1124 434 1158 fercula
457 1124 579 1159 dantur
603 1125 786 1159 auferenda
803 1127 848 1160 61
862 1151 873 1169 ,
895 1126 930 1161 5.

257 1166 476 1215 Nicephorus
519 1170 686 1214 generalis
729 1171 883 1215 publicae
920 1170 971 1204 rei

306 1215 478 1259 logotheta
501 1217 544 1249 ad
568 1216 741 1260 imperium
764 1221 903 1250 evectus
922 1227 971 1251 ss.

304 1260 466 1304 imagines
489 1261 592 1294 coluit
612 1262 690 1296 346.

258 1304 474 1350 Nicephorus
501 1306 702 1340 Melissenus
733 1305 890 1340 Caesaris
919 1306 971 1340 di-

306 1352 437 1395 gnitate
459 1351 609 1384 asficitur
631 1353 673 1392 7,
699 1350 732 1386 4.

259 1396 475 1441 Nicephorus
510 1397 641 1430 Phocas
679 1395 971 1430 acclamationibus

308 1442 494 1475 honoratus
526 1441 658 1475 ridetur
700 1453 722 1475 a
760 1441 970 1487 Luitprando

308 1487 388 1521 278.
409 1487 481 1520 eius
507 1487 679 1531 processio
703 1487 782 1521 335.

261 1532 300 1567 S.
325 1531 482 1565 Nicetius
499 1533 543 1566 ab
560 1535 636 1566 ortu
657 1532 798 1566 clericus
814 1531 972 1577 designa-

307 1581 361 1610 tus
387 1578 463 1612 170.

260 1622 357 1666 niger
380 1625 415 1655 et
445 1622 542 1656 albus
572 1622 665 1656 color
696 1622 799 1656 habet
830 1622 973 1656 medium

305 1668 436 1701 fuscum
471 1669 534 1710 19,
568 1669 622 1704 13.
653 1667 750 1711 nigro
782 1667 972 1701 indumento

306 1713 448 1746 interest
471 1713 572 1747 vidua
594 1713 791 1757 imperatrix
812 1714 845 1747 in
864 1725 973 1748 novae

307 1758 479 1791 creatione
511 1759 578 1800 91,
615 1760 670 1793 19.
693 1759 811 1792 eodem
834 1763 974 1792 utuntur

307 1814 469 1848 proceres
495 1813 606 1836 coram
639 1804 776 1848 lugente
807 1804 886 1850 imp.
911 1816 972 1850 per

307 1850 354 1882 40
371 1848 443 1881 dies
469 1849 556 1890 106,
583 1849 637 1883 13.

262 1893 440 1937 Nili-aqua
461 1893 583 1927 vinosa
615 1895 659 1927 ob
685 1894 873 1929 miraculum
902 1894 973 1929 vini

310 1950 352 1972 ex
376 1949 465 1982 aqua
490 1939 570 1972 facti
595 1939 674 1973 306.

263 1983 341 2060 nogi
365 1986 413 2061 {122
415 1983 589 2062 :palmulae
611 1984 646 2017 in
667 1983 792 2018 sciadio
814 1985 893 2030 imp.
916 1986 972 2028 13,

265 2072 415 2104 nomicus
442 2074 475 2113 6,
499 2075 553 2107 10.
577 2074 620 2107 de
643 2085 684 2108 eo
713 2077 874 2119 quattuor
897 2074 972 2119 opi-

310 2117 427 2149 niones
451 2117 529 2152 156.

265 2161 398 2195 nomina
421 2162 550 2195 sebasti
581 2166 617 2195 et
648 2163 788 2197 cratoris
812 2162 847 2195 in
873 2173 972 2197 unum

311 2206 471 2240 conflavit
492 2206 632 2240 Alexius
665 2207 783 2242 Comn.
813 2209 855 2251 7,
877 2209 912 2243 9.
938 2209 972 2251 8,

311 2253 334 2286 6
356 2263 430 2296 sqq.
467 2255 503 2285 et
534 2252 631 2285 fratri
664 2253 918 2286 communicavit
939 2254 973 2295 7,

309 2296 344 2330 9.
369 2296 502 2330 nomina
533 2297 731 2341 gestantium
767 2298 973 2332 dominorum

311 2342 381 2375 fert
417 2343 517 2377 umbo
551 2344 612 2384 13,
642 2345 677 2378 7.
709 2343 840 2377 nomina
870 2344 973 2389 impp.

316 2391 351 2420 et
374 2387 586 2433 despotarum
611 2389 732 2422 faustis
762 2388 974 2423 acclamatio-

316 2432 414 2466 nibus
445 2433 638 2468 afficiuntur
672 2434 735 2476 53,
769 2435 803 2470 5.
842 2434 974 2468 nomina

312 2478 541 2513 ecclesiastica
555 2479 753 2513 heterodoxi
765 2491 877 2513 crasse
892 2491 974 2514 ver-

313 2526 391 2556 tunt
415 2525 491 2558 165.
519 2526 594 2559 167.
622 2526 699 2560 337.
728 2525 887 2570 quaedam
918 2536 973 2558 re-

310 2567 420 2601 tinent
454 2569 572 2611 iidem,
606 2570 768 2614 quaedam
805 2571 971 2611 reiiciunt,

313 2613 357 2645 de
379 2614 420 2646 iis
443 2614 531 2648 inter
554 2626 612 2649 eos
635 2616 674 2649 lis
701 2617 776 2651 165.
811 2617 845 2650 in
866 2616 970 2650 nomi-

312 2668 388 2736 111Ξέ
407 2658 616 2705 impositione
634 2661 713 2706 quid
733 2661 971 2696 attendendum

266 2747 386 2781 notarii
410 2749 618 2794 (quicunque
650 2751 697 2785 illi
726 2751 867 2797 fuerint)
890 2763 973 2798 pue-

312 2803 369 2825 ros
394 2793 557 2828 docebant
591 2798 669 2832 271.
695 2799 841 2830 notarios
863 2799 972 2843 plures

315 2837 482 2873 habebant
517 2841 578 2875 sub
605 2852 643 2876 se
670 2843 915 2878 ecclesiasticus
939 2848 973 2877 et

854 197 1131 244 GRETSERI

1059 303 1226 348 palatinus
1257 303 1482 348 protonotarii
1517 305 1598 340 270.
1636 313 1722 348 qua-

1060 349 1214 393 draginta
1229 349 1382 394 permisit
1399 349 1571 384 Heraclius
1593 349 1667 384 112.

1014 395 1157 429 novandi
1182 406 1238 429 res
1260 399 1295 428 et
1310 405 1413 428 voces
1443 395 1494 428 ius
1526 393 1723 440 imperatori

1059 443 1179 520 8‚410.
1201 440 1288 474 idem
1311 439 1377 475 sibi
1398 440 1592 486 patriarcha
1607 439 1722 474 sumsit

1014 531 1101 566 nudo
1137 531 1250 575 capite
1283 530 1409 564 Graeci
1440 530 1544 577 episc.
1586 533 1722 574 praeter

1058 576 1318 611 Alexandrinum
1329 575 1522 610 sacrificant
1538 576 1613 610 169.
1627 576 1723 608 nudis

1058 623 1223 668 capitibus
1237 622 1269 655 in
1287 621 1412 668 palatio
1436 621 1533 667 pueri
1551 620 1723 655 honorarii

1056 669 1123 712 59,
1145 670 1179 703 2.
1206 668 1271 708 63,
1302 668 1335 703 2.
1357 667 1408 702 ita
1431 667 1619 701 ministrant
1640 666 1721 711 imp.

1059 717 1217 748 coronato
1253 713 1318 756 98,
1349 713 1407 749 22.
1443 717 1479 746 et
1511 712 1589 746 dum
1612 711 1723 756 patri-

1058 760 1162 794 archa
1183 758 1391 792 renuntiatur
1408 757 1492 799 103,
1518 758 1572 793 17.
1590 762 1626 791 et
1647 757 1723 791 vul-

1059 805 1171 884 55:321?
1187 803 1557 893 Ἓῖιῗὲἓέἰῗίιῗζῒὲἢῖο
1567 802 1724 882 ὶιὲἁὲῗὲῗ

1061 907 1125 930 one
1148 862 1335 940 Nicephori
1356 895 1492 929 Phocae
1514 892 1603 928 ridet
1626 893 1724 928 huit-

1059 940 1207 987 prandus
1231 941 1311 976 335.

1015 987 1212 1021 numismata
1226 985 1293 1019 tria
1306 996 1411 1019 aurea
1422 983 1626 1030 pauperibus
1637 984 1723 1018 dan-

1059 1038 1134 1072 tur,
1158 1031 1278 1077 quibus
1310 1031 1390 1076 imp.
1423 1030 1526 1075 pedes
1557 1029 1640 1064 lavit
1665 1031 1721 1073 71,

1061 1079 1094 1113 6.
1125 1075 1264 1112 totidem
1302 1087 1376 1110 cum
1410 1075 1580 1120 argenteis
1613 1074 1723 1109 tribus

1058 1123 1187 1167 illigata
1228 1121 1421 1168 epicombiis
1457 1124 1660 1167 sparguntur
1689 1120 1725 1154 in

1061 1167 1280 1203 coronatione
1310 1167 1388 1212 imp.
1420 1167 1486 1209 88,
1512 1167 1558 1212 ,7.
1589 1168 1657 1208 98,
1687 1166 1724 1202 7.

1061 1215 1141 1250 355.
1165 1212 1363 1247 numismata
1393 1222 1465 1246 cum
1496 1211 1725 1256 scaramangis

1061 1259 1142 1293 data
1166 1259 1348 1304 palmarum
1377 1257 1542 1291 dominica
1562 1257 1596 1291 in
1618 1267 1724 1301 rogae

1061 1304 1295 1338 distributione
1318 1305 1397 1338 312.

1015 1349 1181 1383 nundinae
1197 1347 1438 1392 Hierosolymis
1454 1350 1550 1382 actae
1571 1347 1605 1381 in
1629 1347 1724 1381 exal-

1062 1395 1191 1428 tatione
1215 1406 1262 1429 ss.
1286 1393 1394 1427 crucis
1415 1394 1494 1429 335.

1016 1450 1172 1474 occursus
1197 1439 1386 1473 solemnitas
1410 1450 1437 1472 s.
1470 1437 1659 1485 purificatio
1685 1437 1722 1475 b.

1062 1485 1204 1530 virginis
1222 1485 1410 1518 celebratur
1423 1484 1576 1527 longiore
1593 1483 1723 1517 Baran-

1062 1542 1179 1575 gorum
1203 1530 1362 1564 comitatu
1386 1531 1447 1572 80,
1474 1531 1528 1565 19.

1017 1575 1231 1621 octapodium
1266 1575 1391 1609 dicitur
1421 1574 1622 1608 flammulam
1646 1577 1723 1608 octo

1062 1621 1198 1665 lingulis
1223 1621 1348 1655 habens
1370 1620 1531 1664 imagines
1546 1620 1613 1655 SS.
1635 1631 1723 1665 pon—

1061 1668 1189 1701 tificum
1212 1667 1279 1709 48,
1301 1669 1334 1703 2.

1017 1713 1234 1747 oecumenica
1255 1714 1277 1747 7
1306 1711 1446 1746 concilia
1469 1714 1504 1745 et
1525 1710 1724 1744 traditiones

1063 1758 1268 1804 apostolicas
1289 1757 1367 1803 imp.
1402 1757 1609 1791 coronandus
1634 1756 1724 1791 reci-

1087 1805 1114 1837 it
1137 1805 1198 1845 86,
1224 1804 1283 1837 22.

1016 1816 1245 1891 oeffooheum
1271 1847 1358 1882 cella
1387 1847 1531 1889 vinaria,
1556 1859 1599 1880 ex
1622 1844 1725 1881 οἰνο-

1061 1897 1161 1940 χεῖον
1187 1894 1243 1927 vel
1267 1893 1377 1938 potius
1400 1891 1620 1937 οἰνοχοεῖον,
1642 1902 1723 1927 vas-

1051 1939 1171 1973 culum
1191 1941 1271 1974 301.

1017 1986 1133 2019 officia
1165 1982 1369 2018 archonticia
1398 1981 1506 2016 literis
1540 1981 1726 2026 principum

1063 2030 1181 2064 collata
1223 2029 1299 2064 164.
1339 2027 1454 2060 officia
1492 2026 1723 2061 ecclesiastica

1062 2077 1193 2108 mutant
1214 2073 1426 2117 patriarchae
1451 2071 1525 2109 144.
1555 2073 1633 2109 162.
1658 2072 1725 2106 alia

1062 2118 1189 2152 Citrius
1217 2121 1381 2151 memorat
1411 2117 1494 2151 ibid.
1530 2117 1595 2150 alia
1629 2117 1723 2151 Tur-

1063 2163 1238 2207 cograecia
1263 2165 1338 2198 163.
1370 2163 1485 2196 horum
1504 2163 1636 2196 nomina
1650 2174 1724 2196 mu-

1062 2212 1154 2252 tant,
1180 2209 1344 2250 retinent,
1376 2207 1572 2252 impugnant
1603 2209 1722 2242 haere-

1063 2253 1120 2287 tici
1145 2255 1222 2290 165.
1245 2254 1431 2287 officiorum
1453 2264 1616 2287 novorum
1631 2265 1723 2287 com-

1063 2304 1193 2342 menta,
1219 2299 1420 2334 mutationes
1435 2300 1476 2342 7,
1493 2300 1526 2333 8.
1546 2299 1622 2336 174.
1642 2301 1720 2334 175.

1063 2346 1242 2379 eorundem
1265 2345 1344 2379 vani
1365 2344 1455 2378 tituli
1476 2346 1549 2380 113.
1573 2344 1722 2378 officium

1061 2391 1306 2424 benedictionis
1339 2401 1448 2436 aquae
1477 2389 1574 2424 initio
1598 2390 1721 2425 mensis

1063 2436 1191 2473 canitur
1215 2439 1280 2478 78,
1305 2437 1356 2472 13.

1018 2481 1181 2515 officiales
1206 2481 1329 2526 primae
1352 2480 1502 2526 pentadis
1525 2482 1604 2514 sunt
1621 2480 1721 2525 quin-

1062 2538 1128 2571 que
1157 2527 1367 2571 patriarchae
1404 2537 1541 2569 sensus‚
1574 2525 1721 2571 quinque

1063 2572 1282 2614 consistoria,
1311 2571 1538 2606 exocatacoeli
1553 2571 1720 2617 principes

1063 2620 1139 2652 118.
1183 2617 1362 2651 eorundem
1399 2617 1515 2663 plures
1552 2616 1720 2651 adiutores

1061 2663 1253 2697 chartularii
1275 2664 1359 2698 ibid.

1017 2708 1183 2750 orarium,
1224 2709 1328 2743 vestis
1365 2718 1461 2741 sacra
1493 2706 1719 2750 diaconorum,

1061 2755 1254 2797 angelorum
1277 2754 1485 2788 celeritatem
1509 2756 1544 2786 et
1558 2763 1721 2786 reveren-

1060 2799 1141 2832 tiam
1159 2803 1263 2834 notat.
1279 2799 1312 2833 in
1334 2811 1374 2833 eo
1395 2798 1553 2842 scriptum
1570 2802 1717 2835 sanctus.

1061 2855 1126 2878 non
1145 2850 1197 2880 est
1213 2845 1383 2879 sudarium
1410 2845 1480 2878 eius
1503 2854 1583 2878 usus
1607 2843 1717 2878 etiam.
