1864 3164
267 171 366 220 406

312 282 450 325 gestant
469 281 615 316 orarium
649 280 726 318 167.
749 291 791 315 eo
820 279 903 315 dant
924 281 974 316 si-

312 338 413 370 gnum
437 327 580 361 exeundi
601 325 844 361 catechumenis
866 327 944 363 168.

266 371 420 407 diadema
453 372 542 406 unde
572 372 714 414 dictum,
755 372 883 406 sactum
914 374 972 415 50,

313 420 367 453 11.
388 417 464 452 olim
479 429 565 452 zona
589 421 663 452 erat
685 416 848 451 militaris.
864 428 974 462 eaque

312 462 419 507 primo
443 463 586 497 omnium
609 462 700 496 exuti
718 463 786 498 SS.
807 466 973 509 martyres

312 509 360 543 ib.
387 510 440 544 13.
465 510 543 543 289.

266 551 480 598 dibampulon
515 551 732 596 distinguitur
766 562 787 586 a
825 563 974 588 monam-

311 599 391 644 pulo
419 600 496 633 149.
519 598 643 644 duplex
667 602 720 631 est
749 598 894 643 ampulla
915 609 973 632 sa-

311 643 360 677 cri
384 643 450 677 olei
474 647 509 678 et
525 655 553 678 s.
579 642 788 685 chrismatis,
811 654 878 688 quo
893 643 974 688 imp.

310 688 487 733 inunctus,
529 693 565 722 et
605 687 649 721 ob
690 687 742 722 rei
783 689 974 724 memoriam

291 734 464 778 ,praelata
486 735 565 771 275.
587 735 669 769 276.

263 779 491 832 Didymotichi
513 779 653 825 primum
686 779 740 812 est
761 779 973 814 cantacuze-

264 825 815 914 diectiiummgeucgssdiidugxfieelum
828 868 863 904 in
876 868 973 913 vigil.

310 915 442 949 nativit.
464 915 652 961 praelatum
666 915 746 960 imp.
764 915 828 957 48,
847 917 882 951 8.
898 916 976 948 vice

309 960 418 994 labari
453 961 554 994 fuisse
584 960 740 994 vexillum
763 961 845 1006 imp.
879 960 975 994 vide—

311 1009 369 1040 tur
390 1006 468 1040 269.
491 1006 526 1040 id
549 1006 682 1040 unicum
706 1010 781 1040 erat
800 1010 879 1039 ante
901 1017 974 1039 om-

312 1062 374 1085 nes
398 1051 584 1086 flammulas
616 1052 694 1088 283.
729 1052 794 1085 hoc
816 1051 975 1097 diveliqm

309 1096 441 1141 gemino
471 1101 630 1131 constans
659 1096 735 1130 velo
775 1108 796 1130 a
828 1096 975 1131 scuterio

311 1152 373 1175 seu
409 1142 570 1176 scutifer-o
605 1142 863 1187 praeferebatur
895 1143 976 1177 269.

310 1187 347 1220 in
369 1187 550 1221 nativitate
581 1185 648 1231 48,
681 1188 716 1222 8.
749 1187 855 1223 eidem
894 1187 978 1222 ade-

310 1236 389 1265 rant
412 1233 558 1276 Barangi
579 1234 644 1276 39,
671 1234 724 1268 17.

266 1275 387 1357 ᾶοοιὲἔ
410 1278 570 1322 apostoli,
603 1277 794 1322 evangelii,
825 1276 977 1322 psalterii

268 1367 473 1401 domesticus
489 1380 529 1402 ex
545 1367 657 1402 officio
672 1366 764 1401 iussa
777 1366 857 1421 imp.
877 1378 979 1401 exse-

313 1412 426 1457 quitur
434 1415 490 1453 33,
502 1417 532 1448 1.
541 1413 732 1447 distinctum
743 1413 891 1446 officium
899 1414 977 1448 258.

314 1458 515 1492 domesticus
531 1458 696 1501 significat
715 1458 844 1499 ducem,
859 1457 978 1502 incep-

313 1507 421 1537 torem
433 1527 443 1544 ‚
468 1503 705 1548 praepositum,
722 1504 926 1548 praetectum
942 1506 978 1536 et

312 1547 346 1581 in
363 1560 424 1582 suo
437 1560 562 1592 genere
575 1549 714 1593 primum
728 1550 803 1584 153.
824 1550 900 1584 176.
916 1548 978 1582 do-

311 1593 469 1627 mesticus
490 1605 629 1638 magnus
651 1594 758 1639 praeit
781 1594 977 1639 panhyper-

310 1639 481 1672 sebastum
498 1641 540 1681 8,
559 1642 588 1674 1.
607 1640 701 1673 varia
717 1639 789 1673 eius
805 1639 919 1672 officia
940 1642 976 1672 et

311 1684 499 1717 ministeria
521 1685 562 1717 ad
578 1696 722 1718 mensam
739 1685 818 1728 imp.
834 1684 975 1720 maxime

311 1731 378 1772 55,
407 1731 459 1764 13.
485 1734 520 1763 et
545 1730 578 1762 in
602 1731 731 1764 fossato
755 1731 819 1769 83,
850 1729 885 1764 4.
910 1729 973 1763 do-

309 1774 439 1808 mestici
457 1774 623 1819 insignia,
647 1774 832 1818 gestamina
851 1776 914 1816 17,
941 1777 974 1810 6.

310 1819 514 1854 domesticus
537 1826 711 1854 cantorum
731 1819 818 1864 regit
840 1824 973 1854 cantum

312 1866 379 1900 152
413 1877 465 1910 sq.
510 1867 587 1901 176.
633 1865 835 1900 domesticus
880 1865 974 1899 chori

309 1909 421 1944 dextri
453 1915 488 1944 et
518 1910 644 1945 sinistri
674 1910 830 1956 proprius
863 1911 904 1955 6,
937 1912 972 1946 6.

310 1956 390 1990 153.
414 1955 616 1990 domesticus
643 1956 807 1990 ecclesiae
830 1960 866 1989 et
891 1956 974 1990 cleri

312 1998 522 2044 imperatorii
543 2000 608 2041 94,
634 2002 689 2036 18.
723 2006 777 2035 est
807 2002 972 2034 exarchus

311 2049 349 2077 et
377 2045 511 2089 utrique
544 2045 651 2079 servit
682 2046 773 2080 clero
803 2047 888 2079 ibid.
918 2049 973 2082 19.

311 2088 510 2123 domesticus
552 2095 587 2123 et
626 2091 707 2124 cleri
745 2091 973 2136 protopsaltes

310 2134 452 2167 candida
474 2139 597 2178 gerunt
620 2135 758 2169 camisia
789 2137 855 2176 44,
880 2136 912 2170 9.
936 2139 973 2168 et

308 2178 512 2212 domesticus
538 2180 719 2223 psaltarum
747 2181 823 2215 152.
857 2179 971 2214 dome-

307 2224 414 2257 sticus
435 2226 600 2258 exarchus
623 2224 703 2258 cleri
731 2228 895 2267 augustae
918 2228 972 2258 est

307 2269 407 2303 simul
445 2269 647 2303 domesticus
691 2270 854 2303 ecclesiae
894 2271 969 2305 163.

307 2314 508 2349 domesticus
529 2325 613 2349 unus
630 2318 684 2348 est
700 2326 742 2348 ex
759 2315 874 2359 psaltis
893 2315 970 2350 164.

308 2359 484 2394 domestici
520 2360 760 2405 patriarchales
802 2364 971 2406 ponuntur

309 2416 330 2438 a
357 2406 466 2439 Citrio
494 2406 582 2439 inter
614 2405 779 2440 officiales
810 2405 972 2440 ecclesia-

310 2449 414 2484 sticos
439 2453 515 2487 163.

266 2493 470 2530 domesticus
493 2507 648 2540 mensae,
674 2496 765 2531 offic.
790 2497 846 2531 20-
870 2496 971 2540 palat.

311 2543 357 2580 9,
381 2542 437 2578 21.
464 2541 533 2575 eius
555 2541 742 2585 gestamina
767 2542 829 2582 21,
853 2542 886 2576 3.
910 2541 970 2574 1ῃί-

311 2585 483 2621 nisterium
508 2588 574 2628 35,
608 2588 660 2622 18.
693 2586 853 2621 ministrat
879 2598 970 2620 men-

311 2642 371 2664 sae
394 2632 471 2676 imp.
495 2634 561 2673 57,
588 2635 643 2669 19.
669 2634 733 2674 59,
760 2634 812 2667 19.
833 2633 890 2668 22.
914 2634 972 2672 60,

312 2677 363 2710 12-
388 2679 455 2721 62,
487 2679 519 2713 9.
554 2680 607 2713 12.
642 2679 695 2713 63.
721 2677 755 2712 4.
779 2680 832 2712 11.
857 2676 973 2711 dome-

309 2720 434 2764 sticus,
456 2722 505 2756 rei
520 2723 721 2757 domesticae
737 2727 870 2756 curator
883 2748 894 2765 ,
915 2722 969 2755 iti-

309 2765 383 2800 dem
414 2778 548 2802 mensae
592 2767 634 2801 im
661 2792 670 2803 .
712 2767 877 2801 ministrat
912 2769 970 2811 59,

309 2812 365 2847 20.
399 2812 513 2848 adfert
536 2814 630 2848 fercu
645 2825 666 2848 a
689 2814 774 2848 ibid.
797 2812 887 2847 humi
908 2813 969 2848 de·

853 174 1128 219 GRETSERI

1087 280 1160 316 onit
1182 283 1248 324 60,
1282 281 1318 317 4.
1340 282 1409 324 62,
1440 279 1477 317 4.
1508 290 1628 327 panem
1661 278 1722 317 ad-

1077 330 1131 361 ert
1153 326 1188 361 in
1211 327 1404 372 panagiario
1426 329 1494 369 62,
1514 329 1572 363 22.

1015 382 1216 418 domesticus
1231 394 1420 427 murorum,
1434 384 1526 420 offic.
1543 385 1602 420 59.
1619 382 1725 429 palat.

1063 432 1104 465 11
1116 454 1126 473 ,
1153 430 1204 465 18.
1229 429 1300 463 eius
1331 429 1475 473 insignia
1506 431 1571 471 26,
1601 431 1636 464 9.
1667 440 1724 464 αι-

1063 479 1134 508 stra
1157 474 1341 509 reficienda
1359 479 1453 509 curat
1473 474 1515 510 41
1531 499 1544 517 ,
1567 475 1622 510 13.

1016 529 1219 565 domesticus
1242 530 1403 565 ostiorum
1425 529 1469 574 6,
1493 531 1548 568 12.
1573 533 1626 565 eat
1637 529 1724 566 iani-

1061 580 1115 610 tor
1140 577 1217 612 159.

1017 632 1222 667 domesticus
1243 631 1444 677 scholarum,
1466 632 1558 668 offic.
1582 631 1638 667 31.
1660 642 1723 676 pa-

1062 677 1119 713 lat.
1154 681 1220 719 10,
1253 680 1306 714 11.
1341 677 1413 712 eius
1447 679 1644 712 ornamenta
1665 677 1724 720 23,

1061 725 1096 760 5.
1132 723 1350 758 ministerium
1397 723 1478 757 olim
1514 723 1598 768 suit,
1634 732 1724 756 nunc

1063 769 1189 808 nullum
1211 770 1280 811 36,
1305 771 1359 805 18.
1381 768 1462 804 264.

1017 825 1216 860 domesticus
1230 825 1413 860 thematum
1427 824 1531 858 habet
1545 822 1619 858 aliis
1633 834 1724 857 com-

1063 870 1173 905 munia
1205 870 1352 914 insignia
1384 871 1445 912 27,
1483 871 1537 906 12.
1595 868 1725 903 ublicas

1062 916 1141 950 olim
1166 916 1308 949 curabat
1339 927 1394 950 res
1417 915 1483 957 43,
1511 916 1543 950 1.
1589 914 1724 948 omesti-

1064 972 1124 995 cus
1134 961 1314 994 thematum
1332 959 1611 1000 occidentalium,
1631 960 1723 996 offic.

1063 1008 1120 1042 72.
1145 1005 1247 1051 palat.
1271 1007 1332 1048 12,
1357 1009 1410 1040 10.
1426 1005 1571 1050 insignia
1585 1006 1650 1046 27,
1669 1005 1723 1040 14.

1063 1052 1245 1086 thematum
1279 1050 1523 1092 Orientalium,
1545 1050 1638 1084 offic.
1667 1051 1724 1086 71.

1063 1097 1168 1142 palat.
1203 1097 1268 1138 12,
1308 1097 1344 1131 9.
1387 1095 1533 1140 insignia
1565 1096 1632 1137 27,
1667 1096 1725 1130 13.

1063 1147 1204 1223 {gei-que
1240 1141 1378 1188 publica
1415 1141 1558 1176 curabat
1587 1139 1725 1185 negotia

1121 1213 1131 1229 ,
1153 1189 1189 1222 2.

1018 1232 1182 1268 dominica
1200 1232 1236 1266 in
1257 1231 1340 1266 albis
1362 1231 1457 1266 varie
1475 1231 1619 1266 Graecis
1632 1229 1726 1266 dicta

1065 1279 1145 1314 334.
1185 1277 1351 1311 dominica
1395 1276 1618 1311 orthodoxiae
1659 1275 1726 1310 fuit

1065 1321 1727 1369 primadominicaquadragesimaedicta

1067 1379 1088 1402 a
1121 1367 1290 1402 restitutis
1323 1378 1367 1401 ss.
1400 1367 1600 1411 imaginibus
1639 1366 1722 1402 345.

1065 1413 1232 1447 dominica
1253 1411 1474 1446 orthodoxiae
1494 1411 1561 1446 fuit
1585 1422 1725 1456 proces-

1066 1459 1115 1493 sio
1138 1470 1212 1492 cum
1238 1468 1284 1491 ss.
1313 1468 1414 1492 cruce
1443 1462 1478 1491 et
1507 1467 1550 1491 ss.
1571 1456 1726 1501 imagini-

1069 1503 1132 1538 bus
1149 1503 1317 1544 instituta3
1336 1503 1457 1537 lectum
1474 1503 1646 1536 decretum
1658 1501 1725 1536 Ni·-

1067 1560 1171 1583 cenae
1194 1549 1241 1582 11.
1264 1560 1326 1593 pro
1348 1559 1395 1582 ss.
1426 1547 1624 1592 imaginibus
1645 1547 1724 1584 346.

1066 1594 1227 1635 dominica
1250 1594 1340 1628 festa
1362 1604 1427 1627 non
1458 1597 1536 1628 sunt
1567 1593 1640 1628 dies
1662 1592 1725 1626 do·-

1064 1639 1199 1680 minici,
1232 1638 1291 1674 sed
1325 1638 1486 1683 quaedam
1519 1642 1614 1673 certa
1642 1649 1723 1684 pro-

1065 1685 1138 1731 prie
1159 1685 1294 1719 Christo
1317 1684 1430 1718 dicata
1451 1685 1532 1720 273.

1018 1731 1107 1766 dona
1146 1741 1246 1764 sacra
1283 1741 1358 1764 cum
1391 1728 1598 1775 lampadibus
1627 1727 1725 1763 defe-

1062 1780 1183 1811 runtur
1204 1775 1246 1809 ad
1269 1785 1398 1809 sacram
1422 1785 1567 1808 mensam
1594 1775 1670 1810 160.

1015 1822 1220 1856 Donatistae
1240 1819 1452 1867 epiphaniam
1465 1831 1535 1854 non
1550 1819 1725 1855 celebrant.

1017 1912 1173 1946 dormitio
1196 1911 1233 1946 b.
1258 1909 1398 1954 virginis
1419 1909 1500 1946 343.

1017 1959 1232 1992 draconteum
1253 1956 1333 2000 imp.
1355 1955 1554 1989 flammulum
1575 1953 1611 1987 in
1629 1953 1722 1998 vigil.

1061 2002 1193 2036 nativit.
1211 2005 1377 2044 gestatum
1399 2001 1462 2040 38,
1484 2001 1519 2035 5.
1543 2009 1564 2032 a
1579 1999 1724 2032 dracone

1061 2047 1110 2081 sic
1143 2045 1344 2090 appellatum
1385 2045 1465 2079 283.
1496 2044 1539 2077 ab
1573 2043 1724 2088 Assyriis

1061 2095 1169 2125 ortum
1194 2094 1229 2122 et
1252 2090 1345 2134 Cyro
1370 2094 1565 2133 usurpatum
1582 2089 1646 2129 54,
1666 2091 1722 2124 20.

1061 2140 1115 2170 est
1137 2135 1265 2178 signum
1288 2133 1433 2168 militare
1461 2133 1540 2179 imp.
1574 2138 1610 2168 et
1632 2133 1724 2178 prin-

1061 2180 1191 2223 cipibus
1230 2179 1348 2225 palatii
1390 2178 1556 2226 praeferri
1589 2179 1724 2215 solitum

1015 2271 1241 2315 dragomanus
1264 2282 1305 2304 ex
1327 2270 1442 2304 officio
1463 2268 1593 2314 linguas
1615 2267 1723 2303 inter-

1059 2321 1213 2362 pretatur
1236 2316 1432 2360 peregrinas
1447 2315 1510 2358 40,
1538 2316 1589 2351 11.
1612 2313 1722 2349 dictus

1061 2374 1103 2395 ex
1127 2361 1308 2396 Chaldaico
1327 2367 1455 2405 targum
1478 2361 1557 2394 270.

1014 2407 1145 2450 drunga
1167 2407 1235 2449 43,
1265 2408 1300 2441 8.
1331 2411 1365 2440 et
1395 2407 1544 2449 drungus
1576 2403 1721 2438 Graecis

1061 2457 1097 2486 et
1122 2452 1250 2486 Latinis
1271 2452 1313 2486 ab
1348 2451 1485 2497 antiquo
1518 2453 1572 2484 est
1601 2449 1723 2494 globus

1062 2497 1202 2530 militum
1228 2499 1305 2533 189.

1015 2543 1231 2585 drungarius,
1253 2542 1344 2575 offic.
1369 2541 1425 2576 76.
1448 2540 1551 2586 palat.
1577 2541 1640 2581 12,
1665 2538 1720 2574 14.

1062 2588 1133 2621 eius
1162 2587 1307 2631 insignia
1337 2588 1403 2630 27,
1435 2587 1491 2621 21.
1526 2595 1569 2619 ex
1605 2583 1720 2618 officio

1061 2638 1196 2677 praeest
1237 2637 1350 2666 certae
1394 2631 1530 2665 militum
1576 2631 1720 2669 turmae,

1061 2689 1148 2722 quae
1169 2678 1299 2720 drunga
1321 2676 1442 2710 dicitur
1467 2675 1532 2715 43,
1557 2674 1591 2709 8.
1619 2673 1719 2707 drun-

1059 2723 1145 2766 garii
1166 2734 1286 2767 magno
1316 2723 1456 2756 subsunt
1477 2719 1553 2754 duci
1574 2720 1639 2761 28,
1664 2720 1716 2754 17.

1014 2812 1218 2858 drungarius
1241 2822 1380 2858 magnus
1401 2807 1529 2852 classis,
1550 2806 1643 2843 offic.
1661 2807 1718 2843 32.
