1864 3164
629 207 691 252 IN
721 209 914 251 CODlNl
953 209 1063 252 CAP.
1097 206 1171 249 111.
1524 207 1620 250 2⁴25

173 331 240 358 non
266 318 416 357 literatis
430 315 554 368 pilcis,
577 318 618 353 ut
635 329 726 355 nunc
743 319 848 356 moris
864 320 936 367 est,
964 316 1025 355 ced
1046 315 1218 366 margella
1226 316 1421 368 fimbriatis
1444 315 1560 354 linteis
1580 328 1623 353 ex

175 375 276 426 bysso
294 385 472 425 purpurea
498 374 617 412 testie.
655 384 765 422 quem
792 373 911 411 locum
941 373 1121 425 interpres
1143 372 1303 411 Cedreni
1325 385 1367 410 se
1396 385 1472 410 non
1493 384 1626 423 capere

174 431 333 480 ingenue
350 428 545 467 confitetur
587 432 626 467 et
650 441 740 467 sane
767 429 924 467 difficilis
945 434 1024 477 est;
1054 441 1163 479 quem
1195 429 1396 480 planiorem
1416 429 1540 466 reddit
1564 428 1626 464 illa

175 485 328 525 Meursii
362 484 595 535 emendatio,
630 482 1012 539 μαργελλογράμμων
1055 498 1125 538 pro
1158 481 1507 538 μεγαλογρᾶμμων.
1554 497 1625 534 ego
1646 489 1674 522 P
1700 488 1764 523 195

176 542 333 580 libenter
351 554 420 592 pro
441 537 508 580 διὰ
533 540 773 594 γραμμάτων
791 541 950 590 legerem
978 538 1044 581 διοῖ
1063 537 1296 594 γαμμᾶτωνι
1325 553 1411 579 nam
1433 545 1475 579 ut
1503 545 1627 578 vestes

176 597 264 636 olim
285 600 503 647 gammatae,
539 596 593 635 sic
623 601 662 635 et
698 601 912 647 tegumenta
936 597 1067 648 capitis
1096 601 1277 648 gammata
1304 597 1418 635 fuisse
1442 598 1626 635 videntur.

175 654 298 692 fateor
315 656 439 691 tamen
457 655 496 690 et
511 651 570 690 hic
588 657 628 691 et
649 653 735 691 alibi
753 655 878 691 forsan
900 654 1047 691 retineri
1070 666 1182 704 posse
1201 650 1409 704 γράμματα
1429 667 1499 705 pro
1525 648 1628 708 γάμ-

179 724 301 762 ματα,
324 721 407 746 cum
425 708 536 746 etiam
554 709 645 747 aliae
656 709 784 747 literae
796 736 809 760 ,
837 710 1052 761 praesertim
1069 713 1126 759 A,
1155 709 1318 747 vestibus
1337 710 1435 746 assui
1454 709 1628 759 solerent,

180 770 224 803 ut
253 764 404 816 planum
440 764 484 802 fit
512 777 557 803 ex
581 766 843 816 imperatorum
871 765 988 804 tribus
1017 765 1256 817 imaginibus,
1289 777 1384 815 quae
1417 765 1628 818 Nicephoro

181 821 370 872 Gregorae
386 826 675 872 praeponuntur.

274 897 368 943 p.13
382 908 416 932 ν.
435 897 490 932 11.
519 906 541 929 ο.
563 907 641 931 mar
674 896 743 940 he,
765 895 913 931 dictione
934 895 1066 939 Latina,
1088 893 1303 942 μαργὲλλιον
1316 896 1475 932 derivant
1491 897 1632 939 Graeci,

182 953 247 978 uec
276 942 406 976 corallii
434 941 577 987 pretium
606 954 647 976 ve
690 942 907 986 margellinae
929 947 1138 976 venustatem
1163 942 1342 978 attendunt
1364 945 1485 987 (prout
1511 943 1631 977 Meur-

183 988 276 1030 sius,
296 992 332 1022 et
353 987 411 1032 qui
431 997 505 1021 eum
527 988 742 1030 exscribunt,
767 987 1097 1030 comminiscuntur),
1128 993 1167 1022 ut
1190 999 1232 1022 ea
1254 999 1339 1022 voce
1361 988 1468 1023 vestis
1491 989 1631 1022 limbum

183 1039 218 1068 et
240 1038 471 1068 assumentum
493 1033 714 1078 quodcunque
736 1033 882 1067 discolor
903 1033 959 1067 vel
992 1044 1075 1066 auro
1110 1037 1260 1075 textum,
1289 1044 1401 1078 panno
1434 1033 1633 1078 superaddi·

183 1083 275 1120 tum,
307 1078 507 1123 exprimant.
551 1077 586 1112 id
615 1078 780 1124 ipsaemet
809 1089 831 1113 a
854 1079 1020 1113 Gretsero
1044 1082 1124 1124 post
1146 1078 1332 1114 meursium
1354 1079 1547 1124 exscriptae
1569 1090 1633 1114 au-

184 1123 361 1159 ctoritates
383 1122 551 1158 evincunt.

294 1193 381 1232 ibid.
426 1191 586 1240 κᾶλτζαι
607 1192 764 1243 caligae,
794 1204 840 1231 ex
861 1191 997 1232 Latino
1030 1193 1167 1232 calceus
1208 1193 1327 1243 magis
1360 1205 1472 1243 quam
1499 1194 1634 1244 caliga.

186 1253 227 1288 et
238 1249 394 1287 sumitur
411 1248 471 1286 hie
482 1260 559 1286 non
574 1261 642 1299 pro
657 1249 781 1288 calceis
790 1250 856 1286 sed
882 1263 950 1301 pro
967 1250 1119 1288 braccis:
1145 1262 1233 1287 nam
1253 1250 1364 1288 calcei
1383 1250 1456 1287 iam
1474 1262 1639 1299 sequun-

188 1310 261 1344 tur.
295 1305 434 1355 caligae
466 1309 589 1342 tameu
618 1317 753 1343 nomen
779 1306 890 1343 etiam
912 1305 1071 1343 calceum
1102 1306 1295 1343 militarem
1322 1306 1525 1355 signifieat.
1555 1306 1641 1343 hinc

189 1359 316 1415 βουλή
336 1361 526 1414 καλίγων,
545 1364 685 1398 senatus
711 1361 909 1410 caligarum
930 1374 996 1399 seu
1019 1362 1212 1412 caligatus,
1231 1362 1332 1412 apud
1354 1361 1513 1399 Dionem
1531 1361 1554 1398 Ι.
1572 1363 1641 1410 48,

189 1429 352 1456 scomma
369 1417 408 1454 in
432 1420 624 1465 senatum,
664 1418 766 1466 quod
792 1417 918 1466 caligis
947 1418 1024 1455 sive
1059 1418 1187 1455 calceis
1219 1417 1435 1455 militaribus
1463 1421 1641 1454 uteretur.

190 1475 245 1511 sic
271 1473 392 1522 caliga
425 1473 581 1510 sumitur
615 1472 662 1509 ab
689 1474 890 1523 interprete
922 1477 1052 1510 nostro
1078 1472 1162 1510 Act.
1197 1475 1266 1514 12:
1297 1473 1414 1510 calcea
1439 1477 1471 1510 te
1503 1473 1643 1522 caligas

192 1534 284 1567 tuas.
323 1528 466 1566 Graece
487 1524 690 1578 ὑπόδησαι
715 1525 764 1567 τοὶ
779 1523 970 1568 σανδάλιά
999 1540 1092 1575 σου,
1121 1528 1263 1576 subliga
1277 1528 1443 1566 sandalia
1461 1532 1540 1570 tua.

224 1615 231 1623 ·
286 1603 373 1637 ibid.
419 1613 580 1647 nusquam
603 1603 735 1636 calceus
760 1602 920 1643 Latinus,
958 1602 1015 1636 vix
1039 1603 1162 1648 caliga
1183 1602 1262 1635 item
1289 1601 1432 1642 Latina,
1467 1602 1532 1635 imo
1569 1614 1644 1636 cer-

195 1647 323 1684 tissime
344 1648 503 1681 Italorum
527 1648 620 1681 calzc
643 1658 760 1680 vocem
784 1644 933 1688 κᾶλτζαι
957 1647 1101 1680 Graecis
1134 1647 1270 1681 dedere.
1315 1658 1378 1680 nec
1408 1648 1550 1681 braccas
1579 1648 1646 1682 ita-

198 1705 285 1738 que,
307 1692 411 1726 minus
434 1693 585 1732 calceos,
616 1692 674 1725 sed
699 1691 755 1725 vel
778 1692 915 1736 caligas
938 1692 982 1726 ad
1007 1703 1116 1726 suram
1139 1703 1246 1737 usque
1268 1692 1490 1726 ascendentes
1513 1693 1569 1727 vel
1591 1693 1646 1726 in-

197 1745 314 1783 tegi-as
338 1748 456 1772 ocreas
479 1737 660 1781 significat.
707 1747 786 1770 usus
809 1737 963 1781 loquendi
986 1737 1154 1771 recentior
1175 1748 1308 1771 sensum
1341 1737 1479 1774 allatum
1511 1739 1646 1782 probat,

199 1783 460 1827 confirmantque
475 1782 508 1816 in
525 1782 716 1826 vulgaribus
731 1782 845 1816 lexicis
864 1783 1089 1826 Hieronymus
1106 1784 1296 1817 Germanus
1314 1787 1347 1815 et
1366 1782 1478 1816 Simon
1498 1783 1647 1823 Fortius,

200 1829 259 1874 qui
290 1828 371 1862 licet
405 1825 558 1870 κᾶρτζαι
589 1827 803 1861 communiori
835 1829 1101 1872 pronuntiationi
1126 1829 1286 1862 calamum
1310 1833 1539 1872 exaequantes
1562 1829 1647 1862 scri-

198 1875 282 1908 bant
305 1873 527 1917 (substituunt
549 1873 635 1906 enim
660 1873 810 1906 hodierni
833 1885 852 1915 ρ
879 1873 953 1906 vice
976 1874 1017 1914 λ,
1039 1879 1075 1908 et
1093 1865 1238 1918 ἦρθεν,
1271 1884 1337 1906 non
1361 1866 1501 1916 ἦλθεν,
1530 1869 1649 1917 douv-

200 1917 290 1962 ρόν,
320 1929 385 1952 non
409 1913 574 1962 ἁλμυρόν
597 1918 811 1962 proferunt),
844 1918 918 1951 usui
941 1923 1050 1952 tamen
1074 1924 1109 1953 et
1130 1918 1242 1952 sensui
1267 1916 1418 1960 reddita,
1451 1919 1504 1952 hic
1527 1918 1648 1953 Latina

200 1975 286 1999 voce
307 1963 469 2005 tibialia,
490 1963 547 1997 ille
569 1963 687 1998 Italica
709 1964 825 2005 calze,
852 1964 1012 2008 calcette,
1036 1964 1106 1998 suis
1131 1963 1266 1998 calculis
1290 1967 1504 1998 attestantur.

311 2045 359 2082 ib.
379 2056 413 2081 v.
435 2046 497 2085 12.
534 2041 707 2094 διβολέα]
751 2043 965 2082 vocabulum
1002 2044 1072 2082 hoc
1106 2043 1299 2093 aliquoties
1330 2044 1431 2094 apud
1462 2043 1650 2081 Codinum

201 2100 348 2150 legitur.
376 2099 551 2151 ὅιβολέος
566 2099 664 2136 idem
691 2101 792 2148 quod
825 2101 1001 2148 διπλοῦς.
1031 2113 1099 2150 pro
1131 2113 1205 2149 quo
1233 2105 1374 2137 veteres
1400 2100 1577 2151 δίβολος,
1608 2105 1651 2136 ut

205 2157 364 2207 δίβολος
381 2158 532 2206 χλαῖνα.
559 2154 706 2204 Iunius,
733 2155 891 2207 διβολέα
913 2155 1169 2207 ὖποδηματα,
1198 2157 1317 2194 bilices
1342 2156 1454 2194 calcei
1473 2159 1512 2193 et
1540 2157 1653 2208 διβο-

206 2211 292 2258 λέος
312 2211 425 2255 mlix,
452 2211 491 2247 id
510 2214 569 2247 est
593 2219 734 2248 ornatus
757 2212 901 2249 bicolore
914 2212 1004 2250 licio.
1031 2213 1098 2249 sed
1128 2215 1171 2249 tu
1193 2212 1252 2250 dic
1275 2210 1472 2262 διβολὲος,
1498 2223 1563 2248 seu
1595 2212 1652 2250 δι-

209 2265 349 2319 βολέα,
386 2265 528 2313 quoties
553 2266 654 2316 apud
682 2266 867 2305 codinum
898 2269 1077 2318 occum't,
1104 2267 1193 2306 nihil
1219 2268 1319 2307 aliud
1353 2280 1434 2305 esse
1465 2279 1576 2315 quam
1601 2267 1654 2304 bi-

210 2323 301 2361 color
318 2334 385 2358 seu
403 2321 553 2371 duplicis
571 2321 704 2360 coluris.

301 2407 386 2442 ibid.
433 2387 593 2451 διβολὲἆ
623 2406 756 2451 quoties
792 2411 948 2444 occurret
988 2408 1075 2454 apud
1116 2409 1300 2450 oudinum,
1342 2418 1408 2441 non
1450 2416 1515 2439 uno
1557 2405 1655 2438 modo

213 2453 382 2497 intellige,
406 2451 464 2485 sed
489 2452 667 2486 bicolorem
690 2458 820 2487 vestem
842 2466 878 2488 v,
900 2466 934 2498 g.
961 2455 1052 2488 cuius
1075 2466 1152 2500 pars
1175 2454 1283 2488 medin
1308 2452 1427 2486 coloris
1458 2451 1574 2490 unius,
1606 2451 1658 2483 al-

214 2498 322 2533 terius
353 2501 404 2531 est
433 2495 560 2540 altera,
595 2497 723 2541 qualem
752 2498 944 2544 plerumque
975 2500 1103 2534 scabini
1133 2499 1264 2534 urbium
1295 2503 1418 2542 gerunt
1447 2496 1482 2529 in
1518 2495 1659 2532 Galliis,-

215 2543 271 2577 vel
295 2543 388 2576 cuius
409 2552 539 2587 pannus
563 2542 710 2576 exterior
731 2543 842 2584 huius,
876 2544 1058 2580 subductus
1081 2544 1218 2579 alterius
1241 2548 1294 2577 est
1317 2542 1456 2582 coloris3
1490 2540 1542 2573 vel
1570 2551 1659 2584 quae

217 2588 348 2622 demum
371 2587 404 2620 in
427 2586 648 2621 versicolores
670 2587 798 2622 taenias
820 2594 872 2624 est
892 2595 1006 2633 secta,
1042 2595 1078 2624 et
1096 2601 1138 2624 ex
1161 2589 1210 2623 eis
1243 2587 1386 2622 fasciam
1420 2591 1456 2620 et
1487 2590 1659 2628 contexta,

218 2644 281 2679 pro
304 2631 538 2667 Helvetiorum
560 2643 664 2667 more.

330 2713 418 2753 ibid.
440 2708 778 2764 χρώματοςόξέος,
789 2713 827 2751 id
842 2718 912 2765 est,
922 2716 1165 2763 rubentisst'mi,
1176 2713 1296 2762 inquit
1310 2711 1454 2749 Iunius:
1476 2707 1548 2760 ὀξύ
1565 2711 1661 2749 enim

221 2769 293 2806 vim
315 2769 530 2806 intendendi
559 2769 682 2807 habet.
717 2769 802 2807 hinc
826 2769 863 2808 in
880 2772 1004 2811 codice
1018 2775 1075 2809 est
1095 2769 1304 2819 oxyblatta,
1330 2781 1485 2821 purpura
1508 2770 1662 2819 exquisi-

223 2827 321 2863 tim-is
335 2825 484 2863 lumim'e.

279 2883 400 2919 Codin.
427 2884 622 2929 Curopalat.
653 2884 695 2920 de
724 2885 823 2930 Osfic.
1343 2877 1393 2919 15
