1864 3164
301 153 398 201 264
501 155 775 202 GRETSERI
798 156 871 201 ET
896 154 1071 201 GOARI
1091 154 1534 201 COMMENTARIUS

302 262 386 306 ρίου
407 263 594 308 φρουρᾶς,
618 263 711 299 cuius
735 262 782 298 ibi
805 262 955 308 scelera,
977 262 1147 309 rapacitas
1169 265 1206 298 et
1226 263 1262 299 iu
1284 263 1434 300 sontibus
1456 262 1634 311 puniendis
1654 266 1749 299 atro·

299 308 383 342 citas
403 309 614 344 describitur.
661 309 728 344 alia
749 313 931 343 occurrunt
953 308 1044 354 apud
1065 313 1221 343 auctores
1243 314 1461 355 argumenta,
1490 309 1549 344 ubi
1571 309 1616 344 de
1636 309 1750 344 vindi-

299 354 416 389 candis
437 355 619 389 sceleribus
642 365 761 391 sermo.
807 365 971 389 annonam
994 354 1030 388 in
1051 355 1136 388 urbe
1157 354 1379 400 providebat,
1403 358 1437 390 et
1458 355 1606 402 pretium
1628 366 1671 390 ne
1689 367 1751 390 ex-

301 398 436 435 cederet
457 401 597 444 figebat.
645 400 797 434 Zonaras
821 411 936 434 rursus
958 399 991 433 in
1015 399 1226 445 Theophilot
1251 397 1350 440 ὅπως
1372 397 1527 436 ἕκαστον
1542 401 1615 435 τῶν
1630 396 1748 435 ὠνίων

299 443 543 488 πιπράσκεται
566 443 882 490 ἐπολυπραγμόνει
904 442 969 479 καὶ
989 439 1221 480 ἐπυνθάνετο
1234 470 1246 490 ,
1278 443 1342 481 καὶ
1365 442 1401 480 εἰ
1420 447 1560 480 πολλοῦ
1579 442 1663 482 τινα
1686 457 1748 480 περ

299 489 535 535 πρασκόμενα
559 487 743 534 εὕρισκεν,
776 487 843 526 τὸν
863 486 956 532 ἔπαρ
981 501 1024 525 ον
1042 489 1126 533 περὶ
1146 488 1287 526 τούτων
1310 488 1498 535 ἀνέκρινε,
1529 489 1595 526 καὶ
1626 485 1654 537 ἦ
1682 502 1750 526 κα-

298 533 535 580 ταγινώσκων
555 534 690 571 τούτου
713 533 827 571 ἔπαυε
848 536 916 580 τῆς
938 535 1052 581 αρχῆς
1073 530 1100 580 ἢ
1129 531 1360 591 ἐπιπλήττων
1391 533 1573 581 διώρθου.
1618 536 1752 582 reliqua

299 580 373 615 eius
383 581 515 661 9munia
546 582 621 617 fuse
650 581 864 628 prosequitur
889 581 1021 627 Ecloga
1053 580 1158 616 citata
1193 581 1281 617 Iuris
1307 581 1378 617 GR
1402 584 1481 617 tom.
1511 583 1536 618 2
1559 593 1598 628 p.
1628 581 1675 619 85
1704 582 1752 618 86

299 632 337 660 et
360 628 382 662 9
406 651 417 663 .
690 659 692 662 .

414 715 451 753 p.
473 702 529 743 36
548 712 581 739 v.
604 701 667 742 11.
696 699 802 752 Lego
822 703 903 742 τοῖν
923 699 1114 756 σεκρὲτων
1137 713 1206 754 pro
1225 702 1304 744 τῶν
1327 702 1499 757 κριτῶν,
1527 713 1612 742 cum
1640 699 1753 742 Glos-

299 756 407 794 sario.
436 757 551 796 facilis
570 757 694 796 mendi
712 758 916 818 origodfuit.

391 837 475 871 ibid.
498 838 573 873 τῶν
593 834 784 883 σεκρὲτων]
821 849 888 873 non
921 847 1022 872 unum
1056 836 1162 872 fuisse
1197 837 1298 883 Cpoli
1329 835 1500 883 σε’κριτον
1532 837 1647 883 arguit
1684 848 1754 874 vox

301 881 533 918 multitudinis.
577 881 708 928 μικρόν
741 884 876 929 reperio
913 884 1018 918 fuisse
1056 883 1288 928 patriarchae,
1329 883 1372 917 de
1409 894 1477 929 quo
1509 883 1754 929 Euchologium

301 931 452 962 nostrum
471 934 507 962 et
530 929 705 962 Cedrenus
727 929 762 962 in
785 929 1019 974 Copronymoz
1051 925 1118 969 τὰς
1140 924 1181 963 ἔν
1202 928 1259 975 τῷ
1277 928 1394 975 μικρῷ
1414 925 1568 975 σεκρέτῳ
1590 928 1658 964 τοῦ
1679 940 1752 963 πα-

301 973 511 1017 τριαρχείου
533 971 680 1014 εἰκόνας
702 970 766 1009 διὰ
788 973 966 1019 ψηφίδων
988 970 1099 1014 οὔσας
1118 970 1333 1021 κατέβαλεν.
1378 974 1414 1008 in
1436 985 1502 1020 quo
1528 974 1626 1008 etiam
1646 974 1754 1009 Nice-

301 1019 442 1063 phorum
482 1020 691 1054 Botaniatem
725 1019 950 1065 chrysobulon
991 1019 1204 1064 synodalibus
1237 1019 1382 1054 decretis
1413 1019 1647 1054 confirmandis
1681 1019 1755 1054 edi-

301 1063 391 1098 disse
413 1065 519 1098 refert
540 1065 773 1108 Bullengerus.
819 1069 894 1099 erat
917 1064 1123 1110 privatarum
1146 1069 1323 1107 secretum,
1343 1065 1400 1099 ubi
1425 1066 1685 1099 asservabantur
1699 1064 1754 1099 in-

302 1113 485 1143 strumenta
500 1114 536 1144 et
550 1110 641 1144 urbis
662 1111 747 1152 iura,
770 1110 813 1145 de
828 1121 894 1166 quo
908 1110 1085 1145 Balsamon
1106 1108 1149 1144 ad
1175 1110 1329 1144 Marcum
1353 1110 1577 1155 patriarcham
1601 1122 1694 1156 resp.
1710 1111 1755 1145 92

302 1151 570 1196 καταστρωθὲν
593 1151 633 1190 ἔν
662 1156 718 1189 τω·
745 1166 899 1200 σεκρετῳ
931 1156 1005 1190 τῶν
1037 1153 1245 1191 οἰκειακῶν.
1290 1160 1366 1190 erat
1396 1161 1432 1190 et
1461 1155 1689 1202 publicarum,
1719 1155 1758 1190 in

301 1209 369 1242 quo
399 1199 533 1244 publica
558 1189 817 1254 reponebantur.
865 1202 908 1235 de
931 1201 995 1235 hoc
1019 1201 1210 1244 Cedrenus‚
1234 1201 1428 1243 Phranzes‚
1451 1201 1511 1235 ubi
1535 1200 1578 1235 de
1603 1201 1757 1236 Manem-

302 1243 466 1286 basiem,
497 1249 532 1279 et
562 1246 642 1287 alli3
680 1246 812 1291 hocque
844 1246 960 1280 vocari
991 1246 1060 1280 τοῦ
1090 1247 1236 1290 ymnos,
1257 1247 1424 1291 generale
1446 1258 1468 1281 a
1491 1247 1700 1291 europalate
1721 1247 1756 1280 in

301 1289 419 1323 Leone
440 1290 554 1324 Basilii
578 1291 709 1335 quidam
733 1295 918 1327 autumant.
965 1291 1054 1325 aliud
1087 1291 1207 1325 iterum
1239 1292 1385 1326 observo
1418 1291 1453 1326 in
1485 1291 1677 1337 praetorio,
1713 1291 1757 1327 de

304 1344 371 1378 quo
393 1335 622 1380 Theophanes
643 1337 678 1370 in
701 1337 838 1370 Phoca:
872 1334 911 1371 οἵ
938 1335 980 1371 δὲ
1002 1334 1175 1380 πράσινοι
1199 1333 1334 1382 ἔβαλον
1355 1337 1428 1381 πῦρ
1450 1335 1503 1378 εἰς
1526 1334 1568 1371 τὸ
1593 1333 1756 1381 πραιτώ-

303 1391 406 1424 ριον,
429 1379 495 1415 καὶ
518 1377 678 1416 ἔκαυσαν
699 1378 742 1416 τὸ
765 1378 935 1426 σεκρέτον
956 1380 1021 1416 καὶ
1042 1378 1089 1416 τοὶ
1112 1381 1255 1426 σκρίνια
1276 1380 1340 1417 καὶ
1362 1379 1430 1423 τὰς
1451 1379 1633 1426 φυλακάς.

393 1452 440 1487 ib.
465 1463 500 1487 v.
524 1453 579 1488 12.
603 1452 778 1500 βασιλικῷ
798 1449 955 1499 ὁρισμῷ]
986 1453 1106 1499 quibus
1129 1464 1195 1488 non
1219 1465 1262 1489 ex
1285 1453 1425 1496 officio,
1446 1453 1508 1489 sed
1530 1465 1573 1490 ex
1593 1454 1755 1503 principis

302 1496 481 1532 voluntate
498 1498 550 1532 ius
571 1497 608 1532 in
632 1498 745 1543 aliqua
768 1509 870 1533 causa
893 1499 1025 1534 dicendi
1050 1498 1267 1534 committitur
1290 1499 1486 1538 auctoritas.

415 1572 463 1611 ib.
492 1585 526 1610 v.
561 1574 622 1615 16.
654 1571 836 1623 Mysticus
864 1577 923 1613 est
953 1578 1104 1614 senator
1139 1574 1347 1614 secretioris
1369 1574 1531 1627 consilii,
1569 1576 1635 1628 qui
1665 1575 1761 1615 Ger-

305 1627 422 1666 manis
443 1629 614 1679 gelteimer
631 1630 726 1670 rath.
1054 1627 1059 1632 ’

416 1712 462 1750 ib.
493 1723 527 1749 V.
559 1712 623 1753 18.
660 1711 883 1751 domesticus
906 1711 1128 1764 scholarum]
1157 1713 1305 1752 scholae
1331 1715 1482 1753 fuerunt
1508 1714 1691 1766 undecim,
1713 1714 1760 1754 L.

304 1766 370 1804 ult.
389 1767 470 1805 cod.
490 1767 539 1805 de
564 1767 632 1805 loc.
662 1772 701 1805 et
728 1769 932 1820 conducto,
959 1769 998 1807 id
1027 1773 1086 1807 est
1114 1770 1261 1808 ordines
1287 1770 1535 1822 palatinorum
1559 1773 1761 1810 officiorum

304 1823 354 1859 ad
378 1824 605 1873 capessenda
635 1823 867 1874 imperatoris
893 1825 993 1862 iussa
1027 1827 1246 1865 vacantium.
1284 1831 1324 1865 et
1363 1827 1524 1865 omnium
1550 1829 1760 1879 praefectus

304 1879 508 1916 dmuesticus
527 1879 723 1917 scholarum
747 1881 785 1917 in
802 1881 881 1918 iure
900 1882 1057 1932 dicitur,
1085 1886 1128 1919 ut
1151 1886 1189 1919 et
1208 1883 1309 1933 apud
1337 1883 1522 1921 Zonaram
1549 1884 1760 1921 Cedrenum

304 1939 345 1970 et
365 1933 466 1972 alios.
495 1935 651 1973 Wolfius
678 1936 798 1973 minus
819 1949 903 1974 vere
929 1938 1041 1974 vertit
1060 1938 1301 1975 domesticum
1323 1938 1528 1989 legionum,
1556 1939 1595 1976 in
1620 1939 1759 1976 Basilio

304 1988 510 2027 Macedone
543 1994 581 2027 et
609 1989 779 2028 Romano
802 1990 1001 2042 Lacapeno
1031 1993 1210 2030 zonarae.
1258 1993 1348 2031 haec
1375 1994 1512 2033 Iunius.
1550 1993 1599 2032 de
1625 1994 1762 2033 scholis

307 2045 489 2082 videndus
512 2045 683 2083 Cuiacius
709 2047 758 2083 ad
776 2046 799 2084 l.
824 2050 874 2087 12
893 2048 1029 2084 codicis
1049 2047 1274 2086 Iustinianei.

420 2140 457 2178 p.
476 2127 530 2168 37
548 2139 583 2165 v.
603 2126 639 2168 4.
678 2125 856 2179 Barangi]
886 2129 1075 2168 detortum
1104 2143 1147 2168 ex
1175 2129 1313 2169 Latino
1331 2131 1466 2182 Angli,
1494 2132 1565 2170 nisi
1591 2133 1696 2171 malis
1718 2146 1763 2173 ex

308 2181 452 2221 Franci.
482 2183 550 2221 hos
574 2183 721 2220 habitos
750 2196 831 2222 esse
855 2197 923 2235 pro
945 2199 1103 2236 magnae
1121 2187 1206 2225 fidei
1234 2188 1470 2239 custodibus,
1499 2188 1557 2227 vel
1582 2189 1669 2228 inde
1698 2203 1766 2242 ap-

170 2247 195 2281 p
219 2247 288 2284 210
312 2242 419 2289 paret
438 2239 540 2289 quod
563 2239 613 2277 ad
640 2239 738 2278 fores
757 2241 872 2291 ipsius
891 2241 1116 2293 imperatorii
1140 2243 1323 2282 conclavis
1343 2245 1514 2284 excubias
1532 2250 1698 2297 agerent.

399 2327 603 2375 Βάραγγοι]
635 2330 847 2377 imperatoris
887 2333 1051 2369 satellites
1089 2338 1125 2370 et
1155 2335 1235 2370 belli
1269 2336 1353 2371 socii
1389 2349 1432 2372 ex
1467 2338 1587 2382 Anglia
1616 2338 1651 2373 in
1681 2337 1764 2373 Ori-

309 2379 388 2411 ente
421 2376 610 2411 militantes.
654 2381 773 2411 auctor
817 2373 1022 2422 Ἰγγλινιστί
1057 2382 1203 2426 Anglice
1241 2380 1416 2426 loquentes
1447 2382 1632 2418 introducit
1663 2395 1695 2418 c.
1729 2384 1765 2420 7.

308 2421 488 2456 Britannos
523 2421 595 2456 sive
625 2421 755 2466 Anglos
790 2422 986 2468 bipennibus
1019 2432 1166 2460 armatos
1187 2427 1309 2462 asserit
1331 2428 1506 2463 manifeste
1529 2429 1672 2463 Nicetas
1693 2429 1719 2463 l.
1743 2430 1768 2465 2

308 2466 428 2500 Isaacii
451 2467 574 2511 Angeli
597 2478 715 2501 versus
738 2468 860 2502 finem:
896 2465 915 2503 ὁ
940 2470 1013 2504 τῶν
1036 2469 1298 2515 πελεκυφόρων
1320 2471 1516 2519 κατάρχων
1538 2474 1768 2517 Βρεττανῶν,

309 2508 374 2552 οὓς
399 2512 467 2546 νῦν
491 2510 581 2556 φασὶ
601 2508 806 2556 Ἰγγλίνους.
853 2525 952 2559 porro
978 2515 1063 2551 idem
1089 2522 1140 2551 est
1163 2515 1357 2563 Βάραγγον
1379 2530 1420 2553 ac
1441 2517 1690 2563 πελεκυφόρον
1713 2519 1766 2553 le-

309 2569 411 2601 gere,
447 2569 519 2591 cum
553 2558 728 2602 Barangos
754 2569 819 2592 non
842 2559 1072 2605 infrequenter
1096 2562 1295 2609 bipennibus
1324 2564 1508 2599 instructos
1530 2565 1681 2598 referant
1703 2575 1767 2598 au-

310 2607 420 2636 ctores
451 2602 530 2637 alibi
561 2603 781 2656 producendi.
839 2605 950 2639 Thule
984 2607 1161 2650 oriundos,
1195 2608 1223 2642 si
1256 2613 1366 2644 tamen
1401 2613 1454 2643 est
1484 2609 1586 2643 lectio
1620 2609 1766 2652 sincera,

309 2648 482 2681 Comnena
505 2648 623 2682 scribit
643 2649 667 2682 1.
691 2650 733 2683 2:
766 2643 807 2683 ἐκ
830 2650 894 2694 τῆς
920 2648 1062 2696 Θούλῃς
1085 2650 1312 2697 Βαράγγους.
1360 2655 1551 2689 Germanos
1574 2658 1685 2689 tamen
1707 2665 1767 2689 as-

309 2692 394 2726 serit
415 2692 558 2727 Nicetas
582 2693 614 2726 in
640 2693 758 2728 Alexio
781 2695 825 2729 2:
860 2693 955 2730 κατὰ
984 2694 1031 2731 τὰ
1062 2695 1253 2739 ἀνάκτορα
1279 2697 1504 2743 συλληφθεὶς
1527 2697 1590 2734 καὶ
1613 2698 1766 2744 φρουροῖ

309 2735 533 2781 διαληφθεὶς
558 2739 774 2784 Γερμανῶν,
805 2738 842 2775 οἳ
864 2739 1084 2786 κατωμαδὸν
1106 2740 1191 2783 τοὺς
1210 2740 1469 2787 ἕτεροστόμους
1491 2741 1650 2786 πελέκεις
1675 2731 1764 2780 &vf-

310 2793 457 2827 χουσιν,
480 2780 658 2828 ἅπρόϊτος
681 2781 815 2830 ἔμενεν.
862 2787 1060 2824 asteriscum
1082 2789 1139 2824 hic
1161 2790 1320 2837 apposuit
1342 2789 1507 2835 Wolfios,
1536 2789 1626 2836 quod
1647 2790 1762 2827 forsan
