1864 3164
227 177 232 182 ·
291 162 389 209 280
497 163 772 209 GRETSERI
791 163 863 208 ET
882 162 1058 208 GOARI
1076 163 1525 223 COMMENTARIUS,

290 271 446 311 eandem
473 270 771 312 acclamationem
791 273 963 312 iteratam
989 272 1122 326 fuisse,
1162 285 1238 314 non
1272 277 1419 315 tantum
1450 273 1563 314 semel
1594 274 1663 316 sed
1695 277 1736 314 et

289 329 459 380 saepius,
485 329 558 368 imo
579 330 800 381 saepissime.

402 384 462 423 En
483 386 573 434 quid
597 390 747 424 senatus
763 386 801 423 in
815 384 1035 436 Claudium,
1061 397 1145 424 cum
1161 385 1360 437 imperator
1377 386 1608 426 renuntiatus
1623 389 1737 438 esset,

290 441 392 493 apud
420 441 654 480 Trebellium.
709 442 869 492 Auguste
901 441 1051 489 Claudi,
1088 442 1145 481 dii
1176 445 1210 480 te
1243 443 1339 482 nobis
1361 446 1564 494 praestent:
1598 443 1737 482 dictum

291 497 469 547 sexagies.
527 498 660 536 Claudi
678 502 860 548 Auguste,
885 499 1074 550 principem
1109 501 1164 548 te,
1205 502 1271 537 aut
1300 498 1418 551 qualis
1444 502 1484 537 tu
1514 512 1571 548 es,
1607 511 1738 550 smper

291 556 506 605 optavimus.-
538 554 677 592 dictum
701 554 931 605 quadragies,
989 553 1119 593 Claudi
1141 554 1321 604 Auguste,
1351 557 1386 593 te
1406 554 1605 607 respublica
1620 556 1738 607 requi-

291 609 407 647 rebat:
443 610 582 648 dictum
603 611 834 660 quadragies.
893 609 1025 649 Claudi
1049 610 1228 660 Auguste,
1251 614 1292 648 tu
1311 609 1458 662 frater,
1488 614 1530 649 tu
1546 613 1671 663 pater,
1697 613 1739 650 tu

294 667 450 714 amicus,
479 669 520 703 tu
546 666 654 705 bonus
680 671 840 715 senator,
869 670 910 704 tu
924 678 1000 705 vere
1007 668 1192 719 princeps:
1220 666 1359 704 dictum
1381 666 1555 705 octavies.
1610 666 1742 706 claudi

289 722 474 770 Auguste,
504 726 545 760 tu
564 736 626 761 nos
647 723 692 761 ab
714 723 862 761 Aureolo
886 722 1046 762 vindica:
1083 723 1223 760 dictum
1246 723 1452 773 quinquies.
1511 722 1643 761 Claudi
1665 722 1742 762 Au-

290 782 418 828 guste,
450 781 492 815 tu
521 791 583 816 nos
607 792 632 817 a
660 778 881 830 Palmyrenis
903 779 1068 818 vindica:
1106 778 1243 818 dictum
1259 779 1465 828 quinquies.
1522 777 1654 818 Claudi
1665 778 1742 816 Au·-

291 837 416 882 guste,
446 836 487 871 tu
506 847 568 872 nos
587 848 612 872 a
636 835 792 874 Zenobia
815 839 849 873 et
875 848 900 874 a
937 835 1092 873 Victoria
1109 834 1236 872 libera:
1263 835 1403 874 dictum
1414 834 1564 888 septies.
1613 834 1745 874 Gauda·

291 890 474 939 Auguste,
506 889 668 929 Tetricus
694 891 784 930 nihil
798 891 898 942 fuit.-
926 891 1063 929 dictum
1089 891 1239 942 septies.

406 943 488 983 Nec
510 945 618 984 bonis
644 950 791 985 tantum
816 947 934 998 bona,
961 947 1029 985 sed
1049 949 1088 984 et
1111 946 1209 984 mala
1225 945 1329 984 malis
1345 945 1604 985 inhuiusmodi
1625 944 1743 985 accla-

295 1001 518 1040 mationibus
549 1003 843 1054 apprecabantur
867 1003 924 1042 vel
945 1002 1051 1052 quasi
1081 1002 1161 1040 iure
1188 1015 1256 1040 suo
1279 1002 1547 1052 efflagitabant.
1601 1001 1743 1040 illustre

293 1057 401 1095 huius
428 1058 482 1095 rei
505 1059 711 1110 exemplum
738 1060 956 1110 suppeditat
978 1057 1104 1097 Aelius
1129 1057 1388 1109 Lampridius,
1415 1058 1519 1110 apud
1549 1069 1659 1107 quem
1676 1058 1744 1097 ha·
1784 1089 1786 1091 >

293 1113 359 1151 bes
382 1113 661 1154 acclamationes
685 1120 838 1154 senatus
859 1117 897 1153 in
926 1115 1084 1154 occisum
1111 1114 1358 1153 Commodum
1375 1114 1644 1165 imperatorem.
1682 1114 1745 1153 ho·

294 1172 344 1207 sti
362 1173 505 1220 patriae
521 1171 661 1210 honores
689 1172 937 1219 detrahantur,
962 1171 1166 1223 parricidae
1189 1171 1328 1209 honores
1349 1170 1599 1218 detrahantur,
1622 1171 1745 1222 parri·

296 1226 380 1263 cida
404 1226 581 1265 trahatur.
637 1228 746 1266 hostis
769 1229 931 1279 patriae,
955 1226 1160 1278 parricida,
1187 1227 1370 1276 gladiator
1397 1228 1436 1265 in
1450 1226 1616 1279 spoliario
1633 1226 1746 1265 lanie-

295 1285 365 1319 tur.
422 1281 531 1320 hostis
556 1282 714 1333 deorum,
742 1284 907 1335 carnifex
932 1286 1094 1328 matus,-
1124 1282 1230 1321 hostis
1254 1280 1416 1331 deorum,
1439 1281 1624 1334 parricida
1642 1295 1746 1321 sena-

296 1341 364 1375 tus.
421 1337 529 1376 hostis
542 1338 704 1387 deorum,
733 1339 841 1377 hostis
857 1343 1008 1378 senatus.
1063 1338 1296 1388 gladiatorem
1315 1340 1354 1377 in
1378 1338 1555 1390 spoliario.
1609 1340 1672 1390 qui
1689 1350 1747 1377 se-

294 1397 417 1431 natum
437 1394 587 1442 occidit,
615 1397 653 1432 in
671 1395 837 1445 spoliario
853 1399 1020 1446 ponatur.
1079 1396 1142 1446 qui
1168 1398 1324 1432 senatum
1341 1393 1490 1442 occidit,
1517 1406 1608 1431 unco
1624 1394 1747 1432 traha·

296 1453 366 1487 tur.
410 1451 473 1500 qui
493 1451 689 1488 innocentes
713 1450 862 1499 occidit,
889 1463 978 1489 unco
995 1450 1182 1498 trahatur,
1206 1450 1326 1498 hostis,
1353 1449 1552 1500 parricida,
1577 1461 1669 1499 vere,
1693 1461 1748 1487 se-

295 1517 384 1544 vere.
442 1507 507 1556 qui
527 1507 698 1555 sanguini
717 1519 779 1544 suo
803 1519 869 1543 non
889 1508 1066 1557 pepercit,
1091 1518 1179 1543 unco
1199 1505 1377 1544 trahatur.
1434 1508 1496 1556 qui
1513 1508 1547 1543 te
1571 1507 1748 1544 occisurus

290 1561 390 1612 suit,
418 1574 505 1599 unco
526 1562 706 1601 trahatur.
761 1563 934 1600 nobiscum
952 1563 1127 1610 timuisti,
1156 1562 1332 1599 nobiscum
1351 1560 1573 1613 periclitatus
1602 1575 1649 1600 es.
1705 1564 1748 1599 ut

298 1617 395 1654 salvi
419 1619 549 1666 simus,
581 1615 738 1669 Iuppiter
758 1620 882 1670 optime
911 1620 1081 1667 maxime,
1115 1629 1218 1655 serva
1250 1617 1348 1655 nobis
1380 1615 1612 1658 Pertinacem.
1658 1616 1752 1669 fidei

291 1675 592 1725 praetorianorum
614 1674 772 1724 feliciter
780 1687 794 1720 ‚⁴
816 1675 1003 1725 praetoriis
1029 1674 1225 1712 cohortibus
1237 1672 1413 1724 feliciter3
1441 1674 1650 1712 exercitibus
1669 1673 1750 1712 Ro-

299 1731 414 1767 manis
434 1729 616 1780 feliciter;
647 1732 781 1781 pietati
812 1734 953 1768 senatus
975 1729 1145 1781 feliciter.
1195 1729 1379 1780 parricida
1409 1729 1587 1769 trahatur.
1640 1741 1749 1780 roga-

300 1797 399 1830 mus,
427 1789 608 1834 Auguste,
633 1785 818 1837 parricida
837 1786 1016 1824 trahatur.
1073 1785 1136 1823 hoc
1147 1797 1332 1834 rogamus,
1356 1785 1542 1835 parricida
1560 1784 1751 1831 trahatur,-

301 1841 452 1888 eraudi‚
481 1841 619 1879 Caesar.
676 1841 845 1880 delatores
870 1842 918 1880 ad
945 1842 1093 1888 leonem‚-
1119 1840 1271 1889 exaudi,
1304 1840 1445 1880 Caesar.
1502 1840 1675 1880 delatores
1700 1840 1751 1879 ad

301 1896 448 1942 leonem3
478 1898 632 1943 exaudi,
662 1898 805 1936 Caesar.
863 1897 1052 1949 Speratum
1075 1897 1124 1936 ad
1149 1897 1288 1938 leonem.
1345 1898 1514 1935 victoriae
1534 1897 1659 1948 populi
1670 1897 1750 1935 Ro-

300 1954 399 1989 mani
420 1952 602 2002 feliciter;
626 1953 720 2003 fidei
747 1954 898 1991 militum
918 1953 1096 2005 feliciter5
1130 1952 1223 2003 fidei
1244 1955 1546 2004 praetorianorum
1566 1952 1751 2003 feliciter,-

301 2008 496 2044 cohortibus
518 2009 707 2058 praetoriis
722 2009 890 2058 feliciter.
946 2010 1056 2047 hostis
1077 2012 1217 2046 statuas
1235 2007 1408 2057 undique,
1443 2007 1645 2058 parricidae
1670 2011 1752 2047 sta-

303 2066 387 2100 tuas
413 2063 566 2113 undique
579 2092 590 2111 ,
631 2063 845 2112 gladiatoris
872 2067 1012 2101 statuas
1034 2063 1208 2113 undique3
1245 2062 1461 2111 gladiatoris
1489 2067 1523 2102 et
1546 2063 1751 2114 parricidae

302 2122 444 2157 statuae
463 2118 701 2157 detrahantur.
757 2122 896 2157 necator
918 2120 1047 2156 civium
1066 2118 1253 2166 trahatur,
1277 2118 1462 2169 parricida
1480 2121 1610 2158 civium
1626 2120 1749 2158 traha·

302 2178 372 2212 tur.
426 2174 641 2223 gladiatoris
660 2178 801 2213 statuae
819 2174 1060 2214 detrahantur.
1118 2177 1152 2211 te
1175 2173 1274 2212 salvo
1295 2174 1390 2212 salvi
1412 2178 1445 2212 et
1471 2177 1588 2214 securi
1615 2188 1748 2225 sumus,

301 2242 401 2278 vere,
430 2242 527 2276 vere,·
555 2230 652 2267 nwdo
679 2230 807 2280 digne,
836 2229 934 2268 modo
955 2242 1054 2279 vere,
1084 2230 1183 2267 modo
1202 2229 1316 2268 libere.
1371 2243 1465 2269 nunc
1489 2234 1603 2271 securi
1618 2244 1749 2271 sarnus.

303 2285 515 2324 delatoribus
538 2290 677 2326 metum.
734 2290 774 2324 ut
801 2287 916 2324 securi
934 2288 1062 2336 simus,
1105 2286 1319 2324 delatoribus
1341 2290 1488 2333 metum,·
1514 2291 1557 2325 ut
1575 2289 1671 2327 salvi
1695 2290 1751 2327 si·-

302 2354 398 2390 mus,
431 2342 599 2380 delatores
623 2342 666 2380 de
692 2346 827 2381 senatu.
883 2341 1095 2380 delatoribus
1112 2341 1246 2393 fustem
1277 2346 1310 2380 te
1340 2342 1449 2381 salvo.
1504 2343 1675 2383 delatores
1701 2343 1752 2382 ad

302 2398 427 2436 leonem
449 2402 484 2436 te
501 2401 700 2449 imperante.
756 2398 966 2437 delatoribus
979 2398 1126 2449 fustem.
1178 2398 1381 2448 parricidae
1397 2398 1612 2448 gladiatoris
1625 2412 1750 2439 memo-

165 2456 192 2488 P
216 2458 283 2494 218
306 2457 363 2492 ria
390 2454 591 2503 aboleatur,
615 2455 816 2506 parricidae
839 2453 1053 2503 gladiatoris
1073 2457 1212 2492 statuae
1228 2454 1470 2494 detrahantur.
1525 2458 1654 2507 impuri
1663 2455 1752 2506 gla-

306 2510 453 2547 diatoris
473 2513 635 2549 memoria
664 2510 866 2555 aboleatur,·
894 2509 1127 2559 gladiatorem
1148 2512 1186 2548 in
1209 2511 1389 2560 spoliario.
1443 2511 1586 2559 exaudi,
1607 2512 1751 2551 Caesar.

305 2565 467 2616 carnifex
492 2579 580 2604 unco
599 2567 785 2616 trahatur,
812 2565 975 2617 carnifex
1001 2570 1141 2604 senatus
1163 2578 1252 2604 more
1275 2568 1443 2604 maiorum
1466 2580 1553 2604 unco
1571 2567 1748 2606 trahatur.

304 2625 439 2659 saevior
464 2621 688 2671 Domitiano,
715 2624 886 2674 impurior
908 2619 1064 2667 Nerone,
1099 2624 1151 2659 sic
1167 2621 1282 2672 fecit,
1321 2624 1373 2660 sic
1392 2625 1570 2673 patiatur.
1623 2635 1751 2662 memo-

304 2679 381 2714 riae
402 2679 631 2716 innocentium
668 2683 865 2726 serventur,
908 2678 1047 2716 honores
1077 2680 1306 2715 innocentium
1340 2681 1516 2717 restituas.
1572 2691 1748 2729 rogamus,

299 2733 503 2782 parricidae
523 2734 674 2772 cadaver
705 2747 794 2774 unco
822 2733 1012 2782 trahatur,
1053 2733 1268 2782 gladiatoris
1291 2734 1441 2772 cadaver
1461 2747 1549 2772 unco
1573 2736 1750 2785 trahatur,

304 2788 518 2840 gladiatoris
551 2791 704 2830 cadaver
735 2794 774 2831 in
808 2790 973 2843 spoliario
1009 2793 1173 2841 ponatur.
1227 2802 1397 2841 perroga,
1425 2803 1599 2842 perrogas
1641 2803 1752 2830 omnes
