1864 3164
326 189 422 236 398

369 297 423 333 nis
444 297 587 334 formula
607 297 692 333 ibid.
717 298 783 341 78,
809 297 862 334 14.
883 297 928 334 16
950 309 1025 342 sqq.

369 354 479 389 aquae
500 345 658 379 miraculo
681 344 899 378 servabantur
916 343 1028 377 incor-

368 395 511 435 ruptae,
538 401 621 435 quas
652 389 767 423 fideles
797 389 907 424 media
929 394 1027 424 nocte

368 437 413 469 ob
449 435 578 469 Christi
613 435 808 481 baptismum
847 436 1028 470 hauserant

366 483 446 518 806.
472 492 590 526 aquam
613 482 798 514 ferventem
821 481 916 515 calici
945 491 1027 514 con-

368 530 500 560 secrato
535 526 755 560 infundebant
786 526 913 561 Graeci
949 528 1026 562 162.

368 572 439 605 eius
463 571 654 615 mysterium
679 575 714 605 et
735 571 877 606 ministri
902 572 986 611 ibid.

323 617 572 651 archidiaconus
595 617 756 651 dominica
777 617 963 652 adorandae
979 627 1024 652 ss-

367 662 498 703 crucis,
530 663 668 696 eandem
701 663 803 696 affert
835 675 876 698 ex
909 662 1027 707 palatii

367 707 511 743 ecclesia
537 709 601 752 65,
628 710 681 744 15.
706 708 853 743 induitur
868 709 1026 743 stichario

365 757 402 788 et
424 753 569 798 phelone
602 755 650 788 ib.
684 755 739 789 16.
771 766 843 788 eam
871 754 1027 798 gestandi

365 810 387 834 a
410 799 601 844 patriarcha
625 799 727 833 habet
750 804 949 844 potestatem
967 802 1024 843 66,

367 843 420 879 14.
448 844 527 888 legit
550 844 725 890 evangelia
745 845 781 878 in
803 846 914 880 officio
937 857 1024 890 mag.

364 889 579 923 hebdomadis
601 893 666 932 70,
697 891 732 925 9.
766 902 883 936 preces
905 891 939 925 in
963 903 1024 936 pa-

365 935 481 969 schate
496 935 619 970 recitat
638 947 700 981 pro
716 947 802 981 pace
824 937 886 976 74,
911 941 942 973 1.
957 938 1025 971 fert

366 991 408 1014 ss.
433 992 563 1015 crucem
588 986 623 1016 et
644 981 792 1015 osculum
810 983 852 1016 ab
867 983 946 1027 imp.
965 994 1025 1017 ac-

366 1025 450 1070 cipit
472 1027 536 1070 74,
560 1028 592 1064 9.
628 1030 682 1063 11.
717 1027 856 1061 eandem
893 1029 960 1062 fert
990 1028 1023 1062 in

363 1071 597 1105 benedictione
624 1083 731 1117 aquae
763 1074 883 1107 mensis
911 1073 1023 1107 cuius-

363 1126 431 1161 que
454 1117 614 1164 principio
638 1120 701 1161 78,
727 1119 786 1153 22.
819 1119 1023 1153 archidiaco-

365 1173 443 1196 num
476 1174 543 1196 non
579 1163 683 1197 habet
719 1174 838 1208 magna
870 1164 1024 1207 ecclesia,

365 1207 426 1241 sed
450 1207 528 1253 imp.
552 1208 659 1242 clerus
682 1209 746 1254 94,
780 1211 833 1245 16.
857 1210 1023 1243 archidia-

364 1263 468 1286 conus
491 1265 558 1287 non
581 1253 621 1287 fit
648 1265 708 1299 per
724 1255 940 1295 archonticia,
963 1255 1023 1289 sed

363 1308 426 1342 per
449 1308 582 1342 operam
607 1299 660 1332 diu
678 1300 883 1344 praestitam.
915 1301 1022 1333 factus

363 1354 424 1387 per
447 1344 585 1388 pittacia
608 1356 675 1378 non
701 1350 751 1378 est
784 1344 1022 1389 praeferendus

362 1388 454 1433 aliis,
488 1394 541 1423 est
571 1394 683 1424 tamen
714 1390 839 1436 primus
873 1390 906 1424 in
945 1402 1023 1436 per-

361 1435 532 1514 cethione5
561 1435 746 1470 divinorum
792 1436 1023 1480 mysteriorum

316 1524 570 1570 archiepiscopo
619 1525 800 1569 Bulgariae
842 1530 876 1559 et
913 1526 1022 1571 Cypri

360 1569 475 1604 datum
489 1571 698 1616 privilegium
714 1571 923 1616 praeferendi
938 1573 1019 1605 lam-

358 1615 478 1660 padem
506 1618 587 1652 278.
620 1622 722 1660 atque
754 1617 801 1650 illi
829 1617 1020 1662 provincia-

360 1661 427 1741 les5
444 1661 593 1708 episcopi
615 1673 637 1696 a
665 1661 849 1696 Iustiniano
878 1663 1020 1697 subiecti

313 1752 596 1787 archimandritae
618 1753 682 1787 fer.
717 1753 750 1788 5.
777 1753 926 1798 paschali
947 1764 1020 1788 cum

360 1798 555 1842 patriarcha
577 1802 612 1831 et
643 1797 807 1844 episcopis
830 1799 909 1844 imp.
933 1799 1020 1833 invi-

359 1848 455 1884 sunt,
481 1843 551 1876 eius
575 1855 705 1878 manum
729 1850 762 1878 et
780 1855 897 1889 genam
922 1856 1022 1878 oscu-

360 1888 472 1922 lantur
494 1891 560 1933 77,
587 1891 640 1925 17.
672 1891 714 1924 ab
737 1890 816 1936 imp.
849 1896 1021 1936 sceptrum

360 1934 527 1979 accipiunt
555 1936 630 1970 105.

313 1979 576 2023 archistrategus
588 1980 786 2015 flammulum
802 1980 941 2027 primum
955 1980 1020 2015 im-

360 2025 563 2068 peratorium
586 2027 650 2067 48,
676 2030 705 2061 1.
732 2028 808 2062 283.
833 2038 1018 2071 nomenque

359 2069 598 2114 archistrategi
635 2082 656 2104 a
685 2071 729 2104 D.
765 2072 930 2106 MichaEle
959 2083 1016 2105 ar-

360 2115 523 2158 changelo
549 2116 671 2149 habere
686 2118 846 2160 probatur
862 2119 941 2152 284.
958 2127 1017 2149 ar-

362 2159 587 2238 chistrategus
610 2172 677 2194 non
691 2166 763 2194 erat
780 2161 883 2195 officii
899 2172 1016 2194 nomen

360 2205 409 2238 ibi
436 2230 444 2238 .

312 2249 519 2284 archonticia
550 2253 629 2284 sunt
650 2250 764 2284 officia
792 2251 834 2284 ab
859 2250 936 2295 imp.
959 2251 1015 2284 vel

383 2295 550 2329 atriarcha
584 2295 729 2338 collata,
767 2301 800 2329 et
839 2303 917 2329 sunt
953 2308 1015 2341 per

356 2308 474 2375 literas
486 2352 545 2374 seu
562 2341 729 2375 codicillos
742 2341 926 2387 principum
945 2342 1016 2375 col-

358 2386 429 2420 lata
469 2391 695 2430 vocanturque
734 2398 793 2431 per
831 2388 949 2421 brevia
981 2393 1016 2421 et

358 2431 498 2476 pittacia
520 2443 680 2466 concessa
704 2433 780 2468 164.

311 2482 497 2520 argenteae
528 2477 638 2511 bullae
667 2477 701 2511 in
731 2481 867 2522 sceptro
898 2481 1016 2522 proto-

322 2526 326 2529 “
357 2523 512 2556 stratoris
521 2525 576 2566 91,
596 2526 626 2558 1.
643 2527 835 2567 argenteum
848 2527 1014 2567 sceptrum

356 2568 530 2601 domestici
546 2568 727 2603 scholarum
744 2570 789 2604 23
800 2594 810 2612 ,
828 2570 858 2604 6.
874 2574 1014 2611 argento

356 2619 511 2646 contorto
542 2614 662 2647 funarii
697 2614 809 2660 operis
840 2613 941 2647 instar
964 2618 1017 2647 est

357 2658 464 2691 nodus
494 2658 529 2692 in
559 2664 693 2704 sceptro
723 2671 814 2705 mag.
844 2658 1016 2693 domestici

358 2703 527 2737 involutus
553 2706 614 2747 17,
639 2707 693 2740 13.

314 2758 407 2782 arma
448 2760 491 2782 ex
525 2750 660 2783 Graeco
702 2746 823 2794 ἅρμα,
856 2745 1019 2794 ἅρματος

361 2794 555 2828 vertendum
579 2806 646 2829 non
669 2805 787 2830 currus
812 2797 892 2832 270.
926 2805 1018 2828 arma

358 2839 474 2884 varia,
507 2839 636 2885 baculi,
671 2840 772 2884 lora,
810 2839 1016 2876 manuclavia

910 189 1183 236 GRETSERI

1114 295 1502 379 ᾖξ’ΞῖςῖἷὲἳίιιῗιὲἰῗιἔιιιιέἒῑΙ
1515 297 1612 379 ῦιέἶᾶ
1618 307 1772 389 35...ss-

1247 368 1256 378 ο
1505 369 1515 385 2
1585 369 1594 379 ο
1685 372 1693 381 0
1754 361 1772 368 ‘

1114 389 1229 424 laticia
1250 389 1387 422 militum
1408 389 1473 431 37,
1505 390 1561 425 11.
1596 391 1675 424 260.
1714 401 1773 422 se-

1117 445 1214 469 cures
1238 435 1466 478 Barangorum
1488 434 1552 478 49,
1574 435 1608 469 9.
1627 435 1690 477 57,
1717 436 1772 469 11.

1116 481 1180 524 80,
1202 481 1256 514 22.
1281 480 1470 514 siromastes
1491 491 1551 514 seu
1576 479 1684 514 saliba
1713 479 1771 524 24,

1119 529 1152 562 1.
1183 527 1218 561 2.
1250 525 1327 560 242.
1368 525 1448 562 243.
1477 525 1772 566 matzobarbulum,

1116 571 1302 606 securicula
1326 571 1406 606 243.
1441 571 1561 616 spatha
1592 581 1653 606 seu
1684 571 1771 605 ensis

1114 628 1195 696 iffi}
1222 615 1565 704 {liiitghfflsffoigff
1577 618 1666 697 ἐξ.
1690 627 1772 696 ἰἷῗὲ

1114 709 1179 751 37,
1206 711 1259 744 12.
1282 707 1333 742 his
1359 707 1521 742 addantur
1549 707 1772 741 arcitenentes

1115 758 1151 788 et
1173 753 1338 797 sagittarii
1360 756 1594 797 tzangratores
1613 754 1692 788 246.
1714 763 1772 786 ar-

1115 809 1174 833 cus
1197 798 1363 842 quoddam
1393 809 1500 844 genus
1524 802 1663 842 tzangra
1685 798 1768 832 ibid.

1116 849 1152 879 et
1189 844 1380 887 clibanarii,
1429 854 1568 889 quorum
1615 844 1772 878 thoraces

1114 889 1237 932 ferrei,
1261 890 1407 934 loricae,
1431 889 1492 924 κλί
1514 900 1587 923 ανοι
1609 890 1687 924 266.

1069 935 1215 1015 Arme4nii
1246 941 1386 981 propter
1415 935 1586 970 Ninivitas
1620 934 1771 969 ieiunant

1067 1027 1230 1060 Arthurus
1255 1026 1364 1061 Britto
1392 1025 1504 1060 insuta
1525 1025 1626 1060 armis
1651 1025 1771 1071 deipa-

1111 1082 1178 1151 rae5
1209 1071 1351 1116 imagine
1391 1074 1577 1117 nongentos
1609 1070 1770 1118 profligat

1067 1167 1233 1207 asecreta,
1259 1162 1383 1208 primus
1403 1161 1438 1196 in
1459 1164 1580 1196 senatu
1600 1161 1679 1198 241.

1067 1209 1156 1253 aspri
1171 1234 1179 1247 ,
1201 1219 1306 1252 genus
1330 1207 1451 1242 nummi
1475 1208 1556 1244 239.

1067 1264 1250 1287 assessores
1291 1265 1408 1287 sacrae
1448 1252 1571 1298 synodi
1609 1254 1689 1287 sunt
1720 1250 1767 1285 illi

1112 1299 1239 1343 primae
1262 1299 1427 1343 pentados
1451 1301 1529 1334 118.

1067 1343 1249 1389 assumptio
1273 1344 1432 1387 deiparae
1454 1345 1532 1379 299.
1553 1341 1767 1386 assumptioni

1111 1400 1170 1422 seu
1190 1389 1422 1423 obdormitioni
1437 1387 1593 1434 deiparae
1611 1387 1767 1421 ieiunium

1110 1434 1329 1480 praemittunt
1353 1434 1479 1468 Graeci
1499 1435 1579 1469 296.

1065 1481 1261 1523 Augusteon
1283 1479 1360 1515 355.
1383 1491 1426 1514 ex
1449 1490 1489 1514 eo
1511 1479 1599 1513 iacta
1622 1477 1767 1524 epicom-

1110 1526 1167 1559 bia
1189 1536 1247 1559 seu
1272 1525 1409 1559 donaria
1428 1524 1463 1558 in
1511 1524 1641 1570 epulum
1659 1525 1714 1566 88,
1729 1524 1765 1559 5.

1065 1570 1104 1606 S.
1131 1570 1317 1615 Augustino
1348 1575 1384 1605 et
1406 1570 1478 1604 Era
1501 1570 1533 1604 io
1555 1570 1765 1604 acclamatum

1108 1617 1185 1650 279.

1065 1663 1161 1695 aulae
1194 1661 1443 1707 aulicorumque
1477 1660 1560 1694 ordo
1595 1663 1630 1695 et
1661 1659 1764 1694 statio

1109 1710 1173 1748 36,
1210 1708 1256 1742 23
1297 1720 1369 1752 sqq.
1417 1706 1593 1740 eorundem
1625 1705 1765 1739 circum-

1109 1752 1209 1787 statio
1235 1753 1297 1795 54,
1333 1754 1387 1788 17.
1410 1753 1456 1787 22
1485 1763 1536 1796 sq.
1561 1750 1625 1792 45,
1647 1753 1680 1787 8.
1702 1760 1766 1784 au-

1108 1798 1161 1832 lae
1181 1798 1344 1832 officiales
1378 1798 1542 1842 quomodo
1567 1797 1764 1837 vestiantur,

1110 1843 1323 1885 ordinentur,
1363 1843 1609 1887 distinguantur
1642 1843 1705 1883 13,
1739 1843 1764 1878 5

1108 1901 1182 1934 sqq.
1208 1889 1266 1933 qui
1286 1890 1374 1923 inter
1395 1900 1432 1922 se
1455 1889 1685 1933 colloquantur
1708 1887 1763 1930 16,

1110 1938 1151 1970 11
1184 1946 1256 1978 sqq.
1289 1935 1466 1968 eorunde-
1495 1933 1676 1968 ministeria
1704 1933 1761 1975 28,

1107 1982 1130 2015 5
1161 1991 1234 2024 sqq.
1263 1980 1304 2013 ad
1335 1990 1481 2013 mensam
1510 1980 1577 2022 55,
1614 1981 1656 2013 10
1685 1989 1761 2022 sqq.

1104 2025 1139 2058 iu
1160 2026 1287 2058 fossato
1311 2026 1364 2065 83,
1387 2023 1410 2058 4
1431 2035 1504 2068 sqq.
1528 2024 1562 2057 iu
1586 2023 1682 2057 festis
1705 2024 1761 2064 43,

1106 2071 1150 2105 15
1181 2081 1253 2113 sqq.
1283 2071 1347 2110 67,
1379 2070 1402 2104 5
1435 2080 1507 2113 sqq.
1539 2070 1601 2110 70,
1634 2069 1657 2102 6
1689 2079 1761 2112 sqq.

1105 2125 1147 2147 ex
1170 2116 1246 2148 aula
1269 2119 1304 2147 et
1325 2114 1360 2148 in
1382 2114 1491 2149 aulam
1518 2113 1685 2159 equitandi
1707 2117 1762 2148 tas

1102 2160 1223 2192 nemini
1247 2160 1310 2201 30,
1336 2163 1365 2195 1.

1059 2215 1170 2238 aurem
1186 2211 1346 2239 retectam
1372 2203 1624 2239 accusatoribus
1640 2203 1762 2238 dabant

1104 2256 1140 2284 et
1161 2255 1284 2284 tectam
1304 2250 1475 2295 margellio
1492 2249 1656 2285 accusatis
1678 2249 1762 2283 dan-

1104 2296 1178 2376 da4m
1222 2296 1349 2330 iudices
1395 2296 1488 2331 Medi
1527 2293 1762 2339 significabant

1106 2343 1125 2376 5
1159 2367 1169 2383 ,
1193 2343 1227 2377 3.

1059 2387 1208 2421 baiorum
1225 2388 1340 2421 festum
1356 2390 1410 2420 est
1427 2386 1608 2432 palmarum
1632 2395 1653 2418 a
1677 2383 1760 2418 baiis

1105 2444 1164 2466 seu
1191 2433 1305 2477 palmis
1328 2434 1407 2468 311.
1436 2432 1511 2465 inde
1534 2442 1599 2464 non
1625 2429 1761 2464 deriva-

1103 2484 1158 2511 tur
1181 2478 1312 2511 baiulus
1336 2483 1370 2512 et
1402 2476 1653 2522 praevaricator
1675 2475 1760 2509 ibid.

1059 2522 1162 2557 baiuli
1206 2523 1316 2568 magni
1361 2523 1452 2556 locus
1492 2522 1643 2565 ignotus,
1682 2519 1761 2553 ulti-

1104 2579 1190 2603 mum
1221 2580 1279 2602 seu
1311 2570 1366 2604 81.
1400 2566 1582 2613 palatinum
1613 2564 1759 2599 officium

1106 2615 1171 2657 13,
1204 2614 1237 2648 3.
1273 2619 1324 2647 est
1353 2614 1568 2658 paedagogus
1599 2611 1655 2645 vel
1676 2610 1759 2653 imp.

1106 2660 1160 2692 vel
1184 2659 1327 2693 filiorum
1350 2660 1427 2694 210.
1451 2669 1516 2692 vox
1539 2656 1638 2690 etiam
1663 2655 1760 2688 Lati-

1106 2704 1157 2737 nis
1180 2705 1305 2739 usitata
1326 2705 1410 2738 ibid.
1435 2702 1539 2737 baiuli
1561 2699 1680 2735 maturi
1707 2711 1764 2733 re-

1108 2760 1184 2793 gum
1208 2750 1282 2783 filiis
1311 2747 1533 2783 constituendi
1555 2746 1641 2780 ibid.
1667 2745 1765 2779 baiu-

1112 2794 1164 2827 lus
1188 2795 1258 2829 sive
1281 2795 1442 2829 mbaiulus
1466 2793 1669 2827 Venetorum
1684 2790 1765 2834 imp.

1111 2839 1325 2885 Cpolitanum
1355 2839 1482 2875 modice
1508 2837 1670 2879 honorat,
1702 2846 1764 2870 nec
