<?xml version="1.0" encoding="UTF-8"?>
<!DOCTYPE html PUBLIC "-//W3C//DTD XHTML 1.0 Transitional//EN"
    "http://www.w3.org/TR/xhtml1/DTD/xhtml1-transitional.dtd">
<html xmlns="http://www.w3.org/1999/xhtml" xml:lang="en" lang="en">
 <head>
  <title>
</title>
<meta http-equiv="Content-Type" content="text/html;charset=utf-8" />
  <meta name='ocr-system' content='tesseract 3.04.00' />
  <meta name='ocr-capabilities' content='ocr_page ocr_carea ocr_par ocr_line ocrx_word'/>
</head>
<body>
  <div class='ocr_page' id='page_1' title='image "./corpusscriptorum16niebuoft_0016.png"; bbox 0 0 1832 3178; ppageno 0'>
   <div class='ocr_carea' id='block_1_1' title="bbox 248 200 1318 246">
    <p class='ocr_par' dir='ltr' id='par_1_1' title="bbox 248 200 1318 246">
     <span class='ocr_line' id='line_1_1' title="bbox 248 200 1318 246; baseline 0.005 -6"><span class='ocrx_word' id='word_1_1' title='bbox 248 210 311 240; x_wconf 78' lang='lat' dir='ltr'><strong>xit</strong></span> <span class='ocrx_word' id='word_1_2' title='bbox 638 200 860 245; x_wconf 80' lang='lat' dir='ltr'>GOARUS</span> <span class='ocrx_word' id='word_1_3' title='bbox 895 201 968 244; x_wconf 77' lang='lat' dir='ltr'><strong>AD</strong></span> <span class='ocrx_word' id='word_1_4' title='bbox 1003 200 1318 246; x_wconf 84' lang='lat' dir='ltr'>LECTOREM.</span> 
     </span>
    </p>
   </div>
   <div class='ocr_carea' id='block_1_2' title="bbox 231 330 1704 2609">
    <p class='ocr_par' dir='ltr' id='par_1_2' title="bbox 245 330 1704 450">
     <span class='ocr_line' id='line_1_2' title="bbox 245 330 1704 386; baseline 0.003 -18"><span class='ocrx_word' id='word_1_5' title='bbox 245 335 284 368; x_wconf 91' lang='lat' dir='ltr'><strong>et</strong></span> <span class='ocrx_word' id='word_1_6' title='bbox 314 330 345 368; x_wconf 92' lang='lat' dir='ltr'><strong>si</strong></span> <span class='ocrx_word' id='word_1_7' title='bbox 372 330 524 380; x_wconf 89' lang='lat' dir='ltr'><strong>quando</strong></span> <span class='ocrx_word' id='word_1_8' title='bbox 546 331 692 370; x_wconf 86' lang='lat' dir='ltr'><strong>defectu</strong></span> <span class='ocrx_word' id='word_1_9' title='bbox 712 331 862 370; x_wconf 88' lang='lat' dir='ltr'><strong>alicuius</strong></span> <span class='ocrx_word' id='word_1_10' title='bbox 893 335 1006 371; x_wconf 87' lang='lat' dir='ltr'><strong>notae</strong></span> <span class='ocrx_word' id='word_1_11' title='bbox 1032 331 1277 382; x_wconf 79' lang='lat' dir='ltr'><strong>laboraveris,</strong></span> <span class='ocrx_word' id='word_1_12' title='bbox 1304 330 1441 383; x_wconf 89' lang='lat' dir='ltr'><strong>lector,</strong></span> <span class='ocrx_word' id='word_1_13' title='bbox 1483 333 1533 372; x_wconf 88' lang='lat' dir='ltr'><strong>ad</strong></span> <span class='ocrx_word' id='word_1_14' title='bbox 1555 346 1704 386; x_wconf 87' lang='lat' dir='ltr'><strong>praece-</strong></span> 
     </span>
     <span class='ocr_line' id='line_1_3' title="bbox 245 398 1148 450; baseline 0.004 -15"><span class='ocrx_word' id='word_1_15' title='bbox 245 398 409 448; x_wconf 80' lang='lat' dir='ltr'><strong>dentem,</strong></span> <span class='ocrx_word' id='word_1_16' title='bbox 438 410 534 448; x_wconf 88' lang='lat' dir='ltr'><strong>quae</strong></span> <span class='ocrx_word' id='word_1_17' title='bbox 554 399 650 436; x_wconf 91' lang='lat' dir='ltr'><strong>vices</strong></span> <span class='ocrx_word' id='word_1_18' title='bbox 669 399 746 436; x_wconf 89' lang='lat' dir='ltr'><strong>eius</strong></span> <span class='ocrx_word' id='word_1_19' title='bbox 765 398 966 450; x_wconf 83' lang='lat' dir='ltr'><strong>supplebit,</strong></span> <span class='ocrx_word' id='word_1_20' title='bbox 993 412 1148 439; x_wconf 84' lang='lat' dir='ltr'>recurre.</span> 
     </span>
    </p>

    <p class='ocr_par' dir='ltr' id='par_1_3' title="bbox 242 465 1703 854">
     <span class='ocr_line' id='line_1_4' title="bbox 356 465 1703 519; baseline 0.003 -17"><span class='ocrx_word' id='word_1_21' title='bbox 356 465 407 503; x_wconf 90' lang='lat' dir='ltr'><strong>Et</strong></span> <span class='ocrx_word' id='word_1_22' title='bbox 446 478 495 503; x_wconf 92' lang='lat' dir='ltr'><strong>ne</strong></span> <span class='ocrx_word' id='word_1_23' title='bbox 533 468 615 516; x_wconf 89' lang='lat' dir='ltr'><strong>quis</strong></span> <span class='ocrx_word' id='word_1_24' title='bbox 652 470 760 518; x_wconf 91' lang='lat' dir='ltr'><strong>putet</strong></span> <span class='ocrx_word' id='word_1_25' title='bbox 798 478 857 504; x_wconf 89' lang='lat' dir='ltr'><strong>me</strong></span> <span class='ocrx_word' id='word_1_26' title='bbox 891 467 981 505; x_wconf 85' lang='lat' dir='ltr'><strong>data</strong></span> <span class='ocrx_word' id='word_1_27' title='bbox 1012 480 1125 519; x_wconf 90' lang='lat' dir='ltr'><strong>opera</strong></span> <span class='ocrx_word' id='word_1_28' title='bbox 1159 466 1325 506; x_wconf 86' lang='lat' dir='ltr'><strong>Gretseri</strong></span> <span class='ocrx_word' id='word_1_29' title='bbox 1356 479 1547 506; x_wconf 81' lang='lat' dir='ltr'>censorem</span> <span class='ocrx_word' id='word_1_30' title='bbox 1579 480 1703 519; x_wconf 83' lang='lat' dir='ltr'><strong>agere,</strong></span> 
     </span>
     <span class='ocr_line' id='line_1_5' title="bbox 244 532 1703 585; baseline 0.001 -16"><span class='ocrx_word' id='word_1_31' title='bbox 244 533 367 583; x_wconf 87' lang='lat' dir='ltr'><strong>ipsum</strong></span> <span class='ocrx_word' id='word_1_32' title='bbox 392 533 489 570; x_wconf 87' lang='lat' dir='ltr'><strong>inter</strong></span> <span class='ocrx_word' id='word_1_33' title='bbox 516 537 554 572; x_wconf 89' lang='lat' dir='ltr'><strong>et</strong></span> <span class='ocrx_word' id='word_1_34' title='bbox 581 546 640 571; x_wconf 91' lang='lat' dir='ltr'><strong>me</strong></span> <span class='ocrx_word' id='word_1_35' title='bbox 669 532 868 583; x_wconf 86' lang='lat' dir='ltr'><strong>quemlibet</strong></span> <span class='ocrx_word' id='word_1_36' title='bbox 895 538 1101 573; x_wconf 82' lang='lat' dir='ltr'><strong>statuamus</strong></span> <span class='ocrx_word' id='word_1_37' title='bbox 1128 534 1326 585; x_wconf 83' lang='lat' dir='ltr'><strong>arbitrum,</strong></span> <span class='ocrx_word' id='word_1_38' title='bbox 1371 534 1437 584; x_wconf 91' lang='lat' dir='ltr'><strong>qui</strong></span> <span class='ocrx_word' id='word_1_39' title='bbox 1478 535 1527 571; x_wconf 91' lang='lat' dir='ltr'><strong>de</strong></span> <span class='ocrx_word' id='word_1_40' title='bbox 1553 533 1703 572; x_wconf 85' lang='lat' dir='ltr'><strong>feliciori</strong></span> 
     </span>
     <span class='ocr_line' id='line_1_6' title="bbox 243 600 1702 652; baseline 0.001 -14"><span class='ocrx_word' id='word_1_41' title='bbox 243 603 368 638; x_wconf 83' lang='lat' dir='ltr'><strong>textus</strong></span> <span class='ocrx_word' id='word_1_42' title='bbox 406 600 636 651; x_wconf 82' lang='lat' dir='ltr'><strong>expositione</strong></span> <span class='ocrx_word' id='word_1_43' title='bbox 677 601 862 639; x_wconf 90' lang='lat' dir='ltr'><strong>diiudicet.</strong></span> <span class='ocrx_word' id='word_1_44' title='bbox 935 606 975 639; x_wconf 91' lang='lat' dir='ltr'><strong>et</strong></span> <span class='ocrx_word' id='word_1_45' title='bbox 1003 602 1170 652; x_wconf 82' lang='lat' dir='ltr'><strong>quamvis</strong></span> <span class='ocrx_word' id='word_1_46' title='bbox 1197 602 1236 639; x_wconf 89' lang='lat' dir='ltr'><strong>in</strong></span> <span class='ocrx_word' id='word_1_47' title='bbox 1265 601 1432 640; x_wconf 88' lang='lat' dir='ltr'><strong>Gretseri</strong></span> <span class='ocrx_word' id='word_1_48' title='bbox 1458 602 1621 640; x_wconf 88' lang='lat' dir='ltr'><strong>favorem</strong></span> <span class='ocrx_word' id='word_1_49' title='bbox 1648 602 1702 641; x_wconf 87' lang='lat' dir='ltr'><strong>fe-</strong></span> 
     </span>
     <span class='ocr_line' id='line_1_7' title="bbox 242 667 1703 721; baseline 0.002 -16"><span class='ocrx_word' id='word_1_50' title='bbox 242 672 345 705; x_wconf 86' lang='lat' dir='ltr'><strong>ratur</strong></span> <span class='ocrx_word' id='word_1_51' title='bbox 367 668 572 718; x_wconf 88' lang='lat' dir='ltr'><strong>sententia,</strong></span> <span class='ocrx_word' id='word_1_52' title='bbox 599 680 677 706; x_wconf 90' lang='lat' dir='ltr'><strong>non</strong></span> <span class='ocrx_word' id='word_1_53' title='bbox 700 667 811 706; x_wconf 91' lang='lat' dir='ltr'><strong>debui</strong></span> <span class='ocrx_word' id='word_1_54' title='bbox 832 673 1047 721; x_wconf 86' lang='lat' dir='ltr'><strong>perceptum</strong></span> <span class='ocrx_word' id='word_1_55' title='bbox 1075 683 1098 708; x_wconf 89' lang='lat' dir='ltr'><strong>a</strong></span> <span class='ocrx_word' id='word_1_56' title='bbox 1124 681 1183 707; x_wconf 88' lang='lat' dir='ltr'><strong>me</strong></span> <span class='ocrx_word' id='word_1_57' title='bbox 1212 681 1347 707; x_wconf 86' lang='lat' dir='ltr'><strong>novum</strong></span> <span class='ocrx_word' id='word_1_58' title='bbox 1367 681 1516 707; x_wconf 89' lang='lat' dir='ltr'><strong>sensum</strong></span> <span class='ocrx_word' id='word_1_59' title='bbox 1538 674 1703 721; x_wconf 83' lang='lat' dir='ltr'><strong>praeter-</strong></span> 
     </span>
     <span class='ocr_line' id='line_1_8' title="bbox 243 734 1701 787; baseline 0.002 -15"><span class='ocrx_word' id='word_1_60' title='bbox 243 736 391 772; x_wconf 87' lang='lat' dir='ltr'><strong>mittere</strong></span> <span class='ocrx_word' id='word_1_61' title='bbox 404 763 416 785; x_wconf 91' lang='lat'><strong>,</strong></span> <span class='ocrx_word' id='word_1_62' title='bbox 459 747 570 784; x_wconf 85' lang='lat' dir='ltr'><strong>quern</strong></span> <span class='ocrx_word' id='word_1_63' title='bbox 598 734 663 784; x_wconf 91' lang='lat' dir='ltr'><strong>qui</strong></span> <span class='ocrx_word' id='word_1_64' title='bbox 695 735 943 775; x_wconf 87' lang='lat' dir='ltr'><strong>Codinianum</strong></span> <span class='ocrx_word' id='word_1_65' title='bbox 978 741 1120 775; x_wconf 87' lang='lat' dir='ltr'><strong>textum</strong></span> <span class='ocrx_word' id='word_1_66' title='bbox 1162 737 1293 787; x_wconf 85' lang='lat' dir='ltr'><strong>legerit</strong></span> <span class='ocrx_word' id='word_1_67' title='bbox 1320 738 1579 787; x_wconf 85' lang='lat' dir='ltr'><strong>emendatum,</strong></span> <span class='ocrx_word' id='word_1_68' title='bbox 1625 749 1701 776; x_wconf 88' lang='lat' dir='ltr'><strong>non</strong></span> 
     </span>
     <span class='ocr_line' id='line_1_9' title="bbox 243 803 1456 854; baseline 0.002 -14"><span class='ocrx_word' id='word_1_69' title='bbox 243 803 390 853; x_wconf 87' lang='lat' dir='ltr'><strong>longius</strong></span> <span class='ocrx_word' id='word_1_70' title='bbox 410 803 586 853; x_wconf 81' lang='lat' dir='ltr'><strong>requiret,</strong></span> <span class='ocrx_word' id='word_1_71' title='bbox 613 815 696 840; x_wconf 90' lang='lat' dir='ltr'><strong>cum</strong></span> <span class='ocrx_word' id='word_1_72' title='bbox 725 803 839 841; x_wconf 92' lang='lat' dir='ltr'><strong>oculis</strong></span> <span class='ocrx_word' id='word_1_73' title='bbox 866 804 988 842; x_wconf 90' lang='lat' dir='ltr'><strong>subsit</strong></span> <span class='ocrx_word' id='word_1_74' title='bbox 1014 804 1052 841; x_wconf 91' lang='lat' dir='ltr'><strong>in</strong></span> <span class='ocrx_word' id='word_1_75' title='bbox 1076 804 1253 841; x_wconf 82' lang='lat' dir='ltr'><strong>versionis</strong></span> <span class='ocrx_word' id='word_1_76' title='bbox 1281 805 1456 854; x_wconf 83' lang='lat' dir='ltr'><strong>margine.</strong></span> 
     </span>
    </p>

    <p class='ocr_par' dir='ltr' id='par_1_4' title="bbox 233 870 1701 1795">
     <span class='ocr_line' id='line_1_10' title="bbox 354 870 1701 922; baseline -0.001 -14"><span class='ocrx_word' id='word_1_77' title='bbox 354 870 490 917; x_wconf 87' lang='lat' dir='ltr'><strong>Parum</strong></span> <span class='ocrx_word' id='word_1_78' title='bbox 518 882 629 920; x_wconf 88' lang='lat' dir='ltr'><strong>sane,</strong></span> <span class='ocrx_word' id='word_1_79' title='bbox 665 870 751 908; x_wconf 86' lang='lat' dir='ltr'><strong>licet</strong></span> <span class='ocrx_word' id='word_1_80' title='bbox 771 871 958 921; x_wconf 88' lang='lat' dir='ltr'><strong>nonnihil,</strong></span> <span class='ocrx_word' id='word_1_81' title='bbox 985 870 1192 922; x_wconf 85' lang='lat' dir='ltr'><strong>splendoris</strong></span> <span class='ocrx_word' id='word_1_82' title='bbox 1212 872 1361 910; x_wconf 90' lang='lat' dir='ltr'><strong>Codino</strong></span> <span class='ocrx_word' id='word_1_83' title='bbox 1382 870 1633 920; x_wconf 81' lang='lat' dir='ltr'><strong>contulissem,</strong></span> <span class='ocrx_word' id='word_1_84' title='bbox 1670 873 1701 908; x_wconf 86' lang='lat' dir='ltr'><strong>si</strong></span> 
     </span>
     <span class='ocr_line' id='line_1_11' title="bbox 242 937 1700 991; baseline 0.001 -16"><span class='ocrx_word' id='word_1_85' title='bbox 242 938 280 975; x_wconf 91' lang='lat' dir='ltr'><strong>in</strong></span> <span class='ocrx_word' id='word_1_86' title='bbox 315 938 395 977; x_wconf 86' lang='lat' dir='ltr'><strong>solo</strong></span> <span class='ocrx_word' id='word_1_87' title='bbox 424 942 530 977; x_wconf 90' lang='lat' dir='ltr'><strong>textu</strong></span> <span class='ocrx_word' id='word_1_88' title='bbox 565 937 624 975; x_wconf 90' lang='lat' dir='ltr'><strong>vel</strong></span> <span class='ocrx_word' id='word_1_89' title='bbox 657 938 735 975; x_wconf 90' lang='lat' dir='ltr'><strong>eius</strong></span> <span class='ocrx_word' id='word_1_90' title='bbox 766 938 933 976; x_wconf 88' lang='lat' dir='ltr'><strong>versione</strong></span> <span class='ocrx_word' id='word_1_91' title='bbox 970 940 1200 978; x_wconf 89' lang='lat' dir='ltr'><strong>restituenda</strong></span> <span class='ocrx_word' id='word_1_92' title='bbox 1237 943 1384 991; x_wconf 90' lang='lat' dir='ltr'><strong>tempus</strong></span> <span class='ocrx_word' id='word_1_93' title='bbox 1419 938 1700 990; x_wconf 87' lang='lat' dir='ltr'><strong>impendissem:</strong></span> 
     </span>
     <span class='ocr_line' id='line_1_12' title="bbox 245 1005 1698 1058; baseline 0.001 -16"><span class='ocrx_word' id='word_1_94' title='bbox 245 1005 375 1055; x_wconf 88' lang='lat' dir='ltr'><strong>debui,</strong></span> <span class='ocrx_word' id='word_1_95' title='bbox 417 1007 519 1057; x_wconf 92' lang='lat' dir='ltr'><strong>quod</strong></span> <span class='ocrx_word' id='word_1_96' title='bbox 546 1018 681 1057; x_wconf 87' lang='lat' dir='ltr'><strong>operae</strong></span> <span class='ocrx_word' id='word_1_97' title='bbox 715 1007 873 1057; x_wconf 88' lang='lat' dir='ltr'><strong>pretium</strong></span> <span class='ocrx_word' id='word_1_98' title='bbox 903 1010 984 1044; x_wconf 87' lang='lat' dir='ltr'><strong>erat</strong></span> <span class='ocrx_word' id='word_1_99' title='bbox 1014 1011 1054 1044; x_wconf 88' lang='lat' dir='ltr'><strong>et</strong></span> <span class='ocrx_word' id='word_1_100' title='bbox 1087 1008 1208 1058; x_wconf 89' lang='lat' dir='ltr'><strong>operis</strong></span> <span class='ocrx_word' id='word_1_101' title='bbox 1228 1008 1298 1045; x_wconf 89' lang='lat' dir='ltr'><strong>erit</strong></span> <span class='ocrx_word' id='word_1_102' title='bbox 1320 1007 1461 1045; x_wconf 84' lang='lat' dir='ltr'><strong>utilitas</strong></span> <span class='ocrx_word' id='word_1_103' title='bbox 1479 1009 1519 1043; x_wconf 92' lang='lat' dir='ltr'><strong>et</strong></span> <span class='ocrx_word' id='word_1_104' title='bbox 1537 1005 1698 1044; x_wconf 79' lang='lat' dir='ltr'><strong>oblecta-</strong></span> 
     </span>
     <span class='ocr_line' id='line_1_13' title="bbox 242 1073 1700 1125; baseline 0.001 -16"><span class='ocrx_word' id='word_1_105' title='bbox 242 1077 427 1124; x_wconf 89' lang='lat' dir='ltr'><strong>mentum,</strong></span> <span class='ocrx_word' id='word_1_106' title='bbox 457 1077 500 1110; x_wconf 91' lang='lat' dir='ltr'><strong>ut</strong></span> <span class='ocrx_word' id='word_1_107' title='bbox 525 1074 676 1124; x_wconf 85' lang='lat' dir='ltr'><strong>ignotos</strong></span> <span class='ocrx_word' id='word_1_108' title='bbox 695 1074 937 1112; x_wconf 83' lang='lat' dir='ltr'><strong>recentiorum</strong></span> <span class='ocrx_word' id='word_1_109' title='bbox 957 1074 1183 1112; x_wconf 90' lang='lat' dir='ltr'><strong>Graecorum</strong></span> <span class='ocrx_word' id='word_1_110' title='bbox 1209 1087 1328 1112; x_wconf 88' lang='lat' dir='ltr'><strong>mores</strong></span> <span class='ocrx_word' id='word_1_111' title='bbox 1335 1101 1349 1125; x_wconf 90' lang='lat'><strong>,</strong></span> <span class='ocrx_word' id='word_1_112' title='bbox 1390 1074 1444 1112; x_wconf 84' lang='lat' dir='ltr'><strong>ita</strong></span> <span class='ocrx_word' id='word_1_113' title='bbox 1470 1073 1700 1112; x_wconf 80' lang='lat' dir='ltr'><strong>Codinianae</strong></span> 
     </span>
     <span class='ocr_line' id='line_1_14' title="bbox 241 1139 1699 1193; baseline 0.001 -17"><span class='ocrx_word' id='word_1_114' title='bbox 241 1140 412 1177; x_wconf 87' lang='lat' dir='ltr'><strong>dictionis</strong></span> <span class='ocrx_word' id='word_1_115' title='bbox 434 1140 627 1178; x_wconf 88' lang='lat' dir='ltr'><strong>abstrusos</strong></span> <span class='ocrx_word' id='word_1_116' title='bbox 646 1144 685 1178; x_wconf 93' lang='lat' dir='ltr'><strong>et</strong></span> <span class='ocrx_word' id='word_1_117' title='bbox 704 1141 914 1179; x_wconf 87' lang='lat' dir='ltr'><strong>reconditos</strong></span> <span class='ocrx_word' id='word_1_118' title='bbox 934 1154 1064 1179; x_wconf 88' lang='lat' dir='ltr'><strong>sensus</strong></span> <span class='ocrx_word' id='word_1_119' title='bbox 1083 1142 1280 1193; x_wconf 85' lang='lat' dir='ltr'><strong>elucidare,</strong></span> <span class='ocrx_word' id='word_1_120' title='bbox 1307 1141 1497 1191; x_wconf 82' lang='lat' dir='ltr'><strong>catalogos</strong></span> <span class='ocrx_word' id='word_1_121' title='bbox 1517 1140 1565 1177; x_wconf 90' lang='lat' dir='ltr'><strong>de</strong></span> <span class='ocrx_word' id='word_1_122' title='bbox 1584 1139 1699 1178; x_wconf 88' lang='lat' dir='ltr'><strong>eccle-</strong></span> 
     </span>
     <span class='ocr_line' id='line_1_15' title="bbox 239 1207 1694 1260; baseline 0.001 -16"><span class='ocrx_word' id='word_1_123' title='bbox 239 1207 318 1245; x_wconf 82' lang='lat' dir='ltr'><strong>siae</strong></span> <span class='ocrx_word' id='word_1_124' title='bbox 344 1207 402 1245; x_wconf 90' lang='lat' dir='ltr'><strong>vel</strong></span> <span class='ocrx_word' id='word_1_125' title='bbox 431 1208 557 1259; x_wconf 86' lang='lat' dir='ltr'><strong>palatii</strong></span> <span class='ocrx_word' id='word_1_126' title='bbox 578 1208 809 1246; x_wconf 84' lang='lat' dir='ltr'><strong>Officialibus</strong></span> <span class='ocrx_word' id='word_1_127' title='bbox 830 1221 875 1247; x_wconf 83' lang='lat' dir='ltr'><strong>ex</strong></span> <span class='ocrx_word' id='word_1_128' title='bbox 893 1207 1035 1260; x_wconf 85' lang='lat' dir='ltr'><strong>Regiae</strong></span> <span class='ocrx_word' id='word_1_129' title='bbox 1064 1210 1123 1247; x_wconf 89' lang='lat' dir='ltr'><strong>vel</strong></span> <span class='ocrx_word' id='word_1_130' title='bbox 1150 1210 1301 1248; x_wconf 85' lang='lat' dir='ltr'><strong>illustris</strong></span> <span class='ocrx_word' id='word_1_131' title='bbox 1330 1208 1541 1248; x_wconf 83' lang='lat' dir='ltr'><strong>Mazarinae</strong></span> <span class='ocrx_word' id='word_1_132' title='bbox 1569 1207 1694 1246; x_wconf 89' lang='lat' dir='ltr'><strong>biblio-</strong></span> 
     </span>
     <span class='ocr_line' id='line_1_16' title="bbox 241 1275 1699 1328; baseline 0.001 -16"><span class='ocrx_word' id='word_1_133' title='bbox 241 1275 370 1313; x_wconf 85' lang='lat' dir='ltr'><strong>thecae</strong></span> <span class='ocrx_word' id='word_1_134' title='bbox 394 1275 580 1313; x_wconf 83' lang='lat' dir='ltr'><strong>codicibus</strong></span> <span class='ocrx_word' id='word_1_135' title='bbox 609 1289 685 1314; x_wconf 84' lang='lat' dir='ltr'><strong>mss</strong></span> <span class='ocrx_word' id='word_1_136' title='bbox 710 1276 802 1314; x_wconf 91' lang='lat' dir='ltr'><strong>alios</strong></span> <span class='ocrx_word' id='word_1_137' title='bbox 834 1289 878 1314; x_wconf 89' lang='lat' dir='ltr'><strong>ac</strong></span> <span class='ocrx_word' id='word_1_138' title='bbox 905 1278 1053 1316; x_wconf 89' lang='lat' dir='ltr'><strong>omnino</strong></span> <span class='ocrx_word' id='word_1_139' title='bbox 1082 1277 1247 1315; x_wconf 81' lang='lat' dir='ltr'><strong>diversos</strong></span> <span class='ocrx_word' id='word_1_140' title='bbox 1267 1277 1451 1328; x_wconf 86' lang='lat' dir='ltr'><strong>proferre,</strong></span> <span class='ocrx_word' id='word_1_141' title='bbox 1492 1276 1586 1313; x_wconf 82' lang='lat' dir='ltr'><strong>ritus</strong></span> <span class='ocrx_word' id='word_1_142' title='bbox 1606 1276 1699 1314; x_wconf 90' lang='lat' dir='ltr'><strong>istos</strong></span> 
     </span>
     <span class='ocr_line' id='line_1_17' title="bbox 236 1341 1700 1394; baseline 0.001 -15"><span class='ocrx_word' id='word_1_143' title='bbox 236 1342 338 1380; x_wconf 93' lang='lat' dir='ltr'><strong>velut</strong></span> <span class='ocrx_word' id='word_1_144' title='bbox 362 1341 509 1392; x_wconf 84' lang='lat' dir='ltr'><strong>regulas</strong></span> <span class='ocrx_word' id='word_1_145' title='bbox 538 1343 644 1381; x_wconf 88' lang='lat' dir='ltr'><strong>factis</strong></span> <span class='ocrx_word' id='word_1_146' title='bbox 670 1347 709 1382; x_wconf 90' lang='lat' dir='ltr'><strong>et</strong></span> <span class='ocrx_word' id='word_1_147' title='bbox 741 1343 915 1394; x_wconf 89' lang='lat' dir='ltr'><strong>exemplis</strong></span> <span class='ocrx_word' id='word_1_148' title='bbox 953 1345 1192 1393; x_wconf 86' lang='lat' dir='ltr'><strong>confirmare,</strong></span> <span class='ocrx_word' id='word_1_149' title='bbox 1239 1344 1286 1381; x_wconf 86' lang='lat' dir='ltr'><strong>de</strong></span> <span class='ocrx_word' id='word_1_150' title='bbox 1309 1355 1392 1381; x_wconf 89' lang='lat' dir='ltr'><strong>meo</strong></span> <span class='ocrx_word' id='word_1_151' title='bbox 1422 1342 1559 1380; x_wconf 87' lang='lat' dir='ltr'><strong>referre</strong></span> <span class='ocrx_word' id='word_1_152' title='bbox 1580 1355 1700 1393; x_wconf 86' lang='lat' dir='ltr'><strong>pauca</strong></span> 
     </span>
     <span class='ocr_line' id='line_1_18' title="bbox 235 1409 1697 1461; baseline 0.001 -15"><span class='ocrx_word' id='word_1_153' title='bbox 235 1409 294 1447; x_wconf 87' lang='lat' dir='ltr'><strong>vel</strong></span> <span class='ocrx_word' id='word_1_154' title='bbox 324 1410 439 1447; x_wconf 87' lang='lat' dir='ltr'><strong>ferme</strong></span> <span class='ocrx_word' id='word_1_155' title='bbox 469 1409 580 1460; x_wconf 88' lang='lat' dir='ltr'><strong>nihil,</strong></span> <span class='ocrx_word' id='word_1_156' title='bbox 619 1423 643 1447; x_wconf 88' lang='lat' dir='ltr'><strong>a</strong></span> <span class='ocrx_word' id='word_1_157' title='bbox 673 1423 732 1448; x_wconf 90' lang='lat' dir='ltr'><strong>me</strong></span> <span class='ocrx_word' id='word_1_158' title='bbox 755 1410 873 1449; x_wconf 86' lang='lat' dir='ltr'><strong>relata</strong></span> <span class='ocrx_word' id='word_1_159' title='bbox 897 1415 1032 1449; x_wconf 89' lang='lat' dir='ltr'><strong>cuncta</strong></span> <span class='ocrx_word' id='word_1_160' title='bbox 1051 1410 1110 1449; x_wconf 87' lang='lat' dir='ltr'><strong>vel</strong></span> <span class='ocrx_word' id='word_1_161' title='bbox 1131 1411 1283 1449; x_wconf 83' lang='lat' dir='ltr'><strong>Graecis</strong></span> <span class='ocrx_word' id='word_1_162' title='bbox 1307 1410 1549 1461; x_wconf 85' lang='lat' dir='ltr'><strong>scriptoribus</strong></span> <span class='ocrx_word' id='word_1_163' title='bbox 1575 1409 1634 1447; x_wconf 89' lang='lat' dir='ltr'><strong>vel</strong></span> <span class='ocrx_word' id='word_1_164' title='bbox 1653 1410 1697 1448; x_wconf 90' lang='lat' dir='ltr'><strong>iis</strong></span> 
     </span>
     <span class='ocr_line' id='line_1_19' title="bbox 236 1477 1698 1529; baseline 0.001 -15"><span class='ocrx_word' id='word_1_165' title='bbox 236 1478 299 1528; x_wconf 90' lang='lat' dir='ltr'><strong>qui</strong></span> <span class='ocrx_word' id='word_1_166' title='bbox 331 1479 414 1516; x_wconf 91' lang='lat' dir='ltr'><strong>viva</strong></span> <span class='ocrx_word' id='word_1_167' title='bbox 444 1489 534 1515; x_wconf 90' lang='lat' dir='ltr'><strong>voce</strong></span> <span class='ocrx_word' id='word_1_168' title='bbox 569 1478 776 1516; x_wconf 89' lang='lat' dir='ltr'><strong>docuerunt</strong></span> <span class='ocrx_word' id='word_1_169' title='bbox 810 1479 1003 1517; x_wconf 76' lang='lat' dir='ltr'><strong>ascribere,</strong></span> <span class='ocrx_word' id='word_1_170' title='bbox 1059 1479 1192 1529; x_wconf 91' lang='lat' dir='ltr'><strong>quodsi</strong></span> <span class='ocrx_word' id='word_1_171' title='bbox 1226 1478 1315 1516; x_wconf 90' lang='lat' dir='ltr'><strong>mihi</strong></span> <span class='ocrx_word' id='word_1_172' title='bbox 1337 1477 1448 1516; x_wconf 82' lang='lat' dir='ltr'><strong>fidem</strong></span> <span class='ocrx_word' id='word_1_173' title='bbox 1475 1490 1551 1516; x_wconf 89' lang='lat' dir='ltr'><strong>non</strong></span> <span class='ocrx_word' id='word_1_174' title='bbox 1585 1478 1698 1516; x_wconf 83' lang='lat' dir='ltr'><strong>faciat</strong></span> 
     </span>
     <span class='ocr_line' id='line_1_20' title="bbox 233 1545 1697 1597; baseline 0 -15"><span class='ocrx_word' id='word_1_175' title='bbox 233 1557 329 1595; x_wconf 89' lang='lat' dir='ltr'><strong>quae</strong></span> <span class='ocrx_word' id='word_1_176' title='bbox 360 1546 438 1583; x_wconf 86' lang='lat' dir='ltr'><strong>fide</strong></span> <span class='ocrx_word' id='word_1_177' title='bbox 474 1545 642 1583; x_wconf 81' lang='lat' dir='ltr'><strong>laborare</strong></span> <span class='ocrx_word' id='word_1_178' title='bbox 677 1546 835 1583; x_wconf 84' lang='lat' dir='ltr'><strong>Graecia</strong></span> <span class='ocrx_word' id='word_1_179' title='bbox 869 1546 1136 1597; x_wconf 85' lang='lat' dir='ltr'><strong>praesumitur,</strong></span> <span class='ocrx_word' id='word_1_180' title='bbox 1177 1546 1209 1583; x_wconf 89' lang='lat' dir='ltr'><strong>si</strong></span> <span class='ocrx_word' id='word_1_181' title='bbox 1238 1558 1361 1584; x_wconf 85' lang='lat' dir='ltr'><strong>meum</strong></span> <span class='ocrx_word' id='word_1_182' title='bbox 1389 1545 1641 1584; x_wconf 85' lang='lat' dir='ltr'><strong>testimonium</strong></span> <span class='ocrx_word' id='word_1_183' title='bbox 1658 1545 1697 1583; x_wconf 89' lang='lat' dir='ltr'><strong>in</strong></span> 
     </span>
     <span class='ocr_line' id='line_1_21' title="bbox 234 1612 1696 1663; baseline 0.001 -14"><span class='ocrx_word' id='word_1_184' title='bbox 234 1612 481 1663; x_wconf 89' lang='lat' dir='ltr'><strong>suspicionem</strong></span> <span class='ocrx_word' id='word_1_185' title='bbox 513 1612 651 1661; x_wconf 89' lang='lat' dir='ltr'><strong>veniat,</strong></span> <span class='ocrx_word' id='word_1_186' title='bbox 682 1612 744 1662; x_wconf 93' lang='lat' dir='ltr'><strong>qui</strong></span> <span class='ocrx_word' id='word_1_187' title='bbox 773 1612 851 1649; x_wconf 91' lang='lat' dir='ltr'><strong>fieri</strong></span> <span class='ocrx_word' id='word_1_188' title='bbox 875 1617 1004 1663; x_wconf 88' lang='lat' dir='ltr'><strong>potest</strong></span> <span class='ocrx_word' id='word_1_189' title='bbox 1031 1616 1073 1650; x_wconf 91' lang='lat' dir='ltr'><strong>ut</strong></span> <span class='ocrx_word' id='word_1_190' title='bbox 1101 1616 1179 1650; x_wconf 81' lang='lat' dir='ltr'><strong>tam</strong></span> <span class='ocrx_word' id='word_1_191' title='bbox 1201 1613 1308 1650; x_wconf 86' lang='lat' dir='ltr'><strong>multi</strong></span> <span class='ocrx_word' id='word_1_192' title='bbox 1333 1616 1503 1651; x_wconf 81' lang='lat' dir='ltr'><strong>auctores</strong></span> <span class='ocrx_word' id='word_1_193' title='bbox 1532 1613 1572 1651; x_wconf 90' lang='lat' dir='ltr'><strong>in</strong></span> <span class='ocrx_word' id='word_1_194' title='bbox 1596 1612 1696 1650; x_wconf 85' lang='lat' dir='ltr'><strong>notis</strong></span> 
     </span>
     <span class='ocr_line' id='line_1_22' title="bbox 234 1678 1696 1731; baseline 0.003 -17"><span class='ocrx_word' id='word_1_195' title='bbox 234 1679 283 1715; x_wconf 85' lang='lat' dir='ltr'><strong>ad</strong></span> <span class='ocrx_word' id='word_1_196' title='bbox 307 1678 453 1728; x_wconf 87' lang='lat' dir='ltr'><strong>singula</strong></span> <span class='ocrx_word' id='word_1_197' title='bbox 480 1679 604 1729; x_wconf 88' lang='lat' dir='ltr'><strong>capita</strong></span> <span class='ocrx_word' id='word_1_198' title='bbox 629 1679 783 1716; x_wconf 87' lang='lat' dir='ltr'><strong>adiectis</strong></span> <span class='ocrx_word' id='word_1_199' title='bbox 809 1680 1024 1718; x_wconf 86' lang='lat' dir='ltr'><strong>catervatim</strong></span> <span class='ocrx_word' id='word_1_200' title='bbox 1053 1679 1189 1731; x_wconf 86' lang='lat' dir='ltr'><strong>prolati</strong></span> <span class='ocrx_word' id='word_1_201' title='bbox 1221 1680 1295 1718; x_wconf 85' lang='lat' dir='ltr'><strong>fide</strong></span> <span class='ocrx_word' id='word_1_202' title='bbox 1323 1683 1476 1731; x_wconf 87' lang='lat' dir='ltr'><strong>vacent,</strong></span> <span class='ocrx_word' id='word_1_203' title='bbox 1521 1684 1588 1718; x_wconf 84' lang='lat' dir='ltr'><strong>aut</strong></span> <span class='ocrx_word' id='word_1_204' title='bbox 1614 1680 1696 1731; x_wconf 90' lang='lat' dir='ltr'><strong>quis</strong></span> 
     </span>
     <span class='ocr_line' id='line_1_23' title="bbox 234 1746 1186 1795; baseline 0.002 -13"><span class='ocrx_word' id='word_1_205' title='bbox 234 1757 363 1782; x_wconf 88' lang='lat' dir='ltr'><strong>eorum</strong></span> <span class='ocrx_word' id='word_1_206' title='bbox 390 1746 570 1795; x_wconf 84' lang='lat' dir='ltr'><strong>suffragia</strong></span> <span class='ocrx_word' id='word_1_207' title='bbox 594 1747 752 1784; x_wconf 86' lang='lat' dir='ltr'><strong>voluerit</strong></span> <span class='ocrx_word' id='word_1_208' title='bbox 780 1747 820 1783; x_wconf 92' lang='lat' dir='ltr'><strong>in</strong></span> <span class='ocrx_word' id='word_1_209' title='bbox 849 1748 1002 1784; x_wconf 87' lang='lat' dir='ltr'><strong>dubium</strong></span> <span class='ocrx_word' id='word_1_210' title='bbox 1022 1746 1186 1785; x_wconf 69' lang='lat' dir='ltr'><strong>vocare?</strong></span> 
     </span>
    </p>

    <p class='ocr_par' dir='ltr' id='par_1_5' title="bbox 231 1811 1695 2609">
     <span class='ocr_line' id='line_1_24' title="bbox 346 1811 1695 1864; baseline 0.001 -16"><span class='ocrx_word' id='word_1_211' title='bbox 346 1812 473 1850; x_wconf 92' lang='lat' dir='ltr'><strong>Unum</strong></span> <span class='ocrx_word' id='word_1_212' title='bbox 507 1816 626 1850; x_wconf 88' lang='lat' dir='ltr'><strong>restat</strong></span> <span class='ocrx_word' id='word_1_213' title='bbox 659 1813 761 1863; x_wconf 87' lang='lat' dir='ltr'><strong>quod</strong></span> <span class='ocrx_word' id='word_1_214' title='bbox 793 1824 988 1861; x_wconf 90' lang='lat' dir='ltr'><strong>moneam,</strong></span> <span class='ocrx_word' id='word_1_215' title='bbox 1035 1813 1194 1862; x_wconf 88' lang='lat' dir='ltr'><strong>primum</strong></span> <span class='ocrx_word' id='word_1_216' title='bbox 1231 1815 1344 1864; x_wconf 85' lang='lat' dir='ltr'><strong>caput</strong></span> <span class='ocrx_word' id='word_1_217' title='bbox 1378 1813 1426 1850; x_wconf 86' lang='lat' dir='ltr'><strong>de</strong></span> <span class='ocrx_word' id='word_1_218' title='bbox 1465 1811 1695 1851; x_wconf 85' lang='lat' dir='ltr'><strong>Officialibus</strong></span> 
     </span>
     <span class='ocr_line' id='line_1_25' title="bbox 233 1879 1695 1929; baseline 0.001 -13"><span class='ocrx_word' id='word_1_219' title='bbox 233 1891 389 1929; x_wconf 82' lang='lat' dir='ltr'><strong>magnae</strong></span> <span class='ocrx_word' id='word_1_220' title='bbox 415 1879 587 1918; x_wconf 84' lang='lat' dir='ltr'><strong>ecclesiae</strong></span> <span class='ocrx_word' id='word_1_221' title='bbox 607 1893 683 1918; x_wconf 92' lang='lat' dir='ltr'><strong>non</strong></span> <span class='ocrx_word' id='word_1_222' title='bbox 706 1880 792 1918; x_wconf 88' lang='lat' dir='ltr'><strong>mihi</strong></span> <span class='ocrx_word' id='word_1_223' title='bbox 815 1879 931 1916; x_wconf 90' lang='lat' dir='ltr'><strong>videri</strong></span> <span class='ocrx_word' id='word_1_224' title='bbox 950 1879 1098 1917; x_wconf 87' lang='lat' dir='ltr'><strong>Codini.</strong></span> <span class='ocrx_word' id='word_1_225' title='bbox 1154 1880 1256 1916; x_wconf 90' lang='lat' dir='ltr'><strong>cuius</strong></span> <span class='ocrx_word' id='word_1_226' title='bbox 1281 1879 1489 1917; x_wconf 83' lang='lat' dir='ltr'><strong>sententiae</strong></span> <span class='ocrx_word' id='word_1_227' title='bbox 1514 1880 1695 1918; x_wconf 86' lang='lat' dir='ltr'><strong>rationem</strong></span> 
     </span>
     <span class='ocr_line' id='line_1_26' title="bbox 234 1946 1695 1997; baseline 0.001 -13"><span class='ocrx_word' id='word_1_228' title='bbox 234 1947 440 1997; x_wconf 85' lang='lat' dir='ltr'><strong>subiungo,</strong></span> <span class='ocrx_word' id='word_1_229' title='bbox 478 1948 647 1985; x_wconf 88' lang='lat' dir='ltr'><strong>nimirum</strong></span> <span class='ocrx_word' id='word_1_230' title='bbox 668 1947 878 1996; x_wconf 84' lang='lat' dir='ltr'><strong>catalogum</strong></span> <span class='ocrx_word' id='word_1_231' title='bbox 904 1947 942 1984; x_wconf 89' lang='lat' dir='ltr'><strong>in</strong></span> <span class='ocrx_word' id='word_1_232' title='bbox 975 1960 1049 1997; x_wconf 91' lang='lat' dir='ltr'><strong>quo</strong></span> <span class='ocrx_word' id='word_1_233' title='bbox 1074 1946 1296 1985; x_wconf 85' lang='lat' dir='ltr'><strong>Officialium</strong></span> <span class='ocrx_word' id='word_1_234' title='bbox 1325 1947 1475 1984; x_wconf 86' lang='lat' dir='ltr'><strong>nomina</strong></span> <span class='ocrx_word' id='word_1_235' title='bbox 1501 1959 1695 1986; x_wconf 90' lang='lat' dir='ltr'><strong>recensen-</strong></span> 
     </span>
     <span class='ocr_line' id='line_1_27' title="bbox 235 2013 1693 2065; baseline 0.001 -13"><span class='ocrx_word' id='word_1_236' title='bbox 235 2018 319 2064; x_wconf 85' lang='lat' dir='ltr'><strong>tur,</strong></span> <span class='ocrx_word' id='word_1_237' title='bbox 361 2027 384 2052; x_wconf 86' lang='lat' dir='ltr'><strong>a</strong></span> <span class='ocrx_word' id='word_1_238' title='bbox 412 2014 560 2065; x_wconf 89' lang='lat' dir='ltr'><strong>reliquis</strong></span> <span class='ocrx_word' id='word_1_239' title='bbox 590 2015 726 2052; x_wconf 90' lang='lat' dir='ltr'><strong>Codini</strong></span> <span class='ocrx_word' id='word_1_240' title='bbox 759 2014 940 2064; x_wconf 86' lang='lat' dir='ltr'><strong>capitibus</strong></span> <span class='ocrx_word' id='word_1_241' title='bbox 971 2015 1119 2065; x_wconf 87' lang='lat' dir='ltr'><strong>saepius</strong></span> <span class='ocrx_word' id='word_1_242' title='bbox 1150 2015 1190 2051; x_wconf 90' lang='lat' dir='ltr'><strong>in</strong></span> <span class='ocrx_word' id='word_1_243' title='bbox 1217 2013 1346 2064; x_wconf 81' lang='lat' dir='ltr'><strong>Regiis</strong></span> <span class='ocrx_word' id='word_1_244' title='bbox 1373 2027 1451 2052; x_wconf 91' lang='lat' dir='ltr'><strong>mss</strong></span> <span class='ocrx_word' id='word_1_245' title='bbox 1479 2014 1693 2053; x_wconf 87' lang='lat' dir='ltr'><strong>distinctum</strong></span> 
     </span>
     <span class='ocr_line' id='line_1_28' title="bbox 235 2081 1693 2133; baseline 0.001 -15"><span class='ocrx_word' id='word_1_246' title='bbox 235 2082 397 2132; x_wconf 90' lang='lat' dir='ltr'><strong>reperiri.</strong></span> <span class='ocrx_word' id='word_1_247' title='bbox 460 2085 499 2119; x_wconf 90' lang='lat' dir='ltr'><strong>et</strong></span> <span class='ocrx_word' id='word_1_248' title='bbox 536 2082 722 2132; x_wconf 83' lang='lat' dir='ltr'><strong>integrum</strong></span> <span class='ocrx_word' id='word_1_249' title='bbox 763 2094 857 2133; x_wconf 90' lang='lat' dir='ltr'><strong>opus</strong></span> <span class='ocrx_word' id='word_1_250' title='bbox 889 2081 1030 2132; x_wconf 86' lang='lat' dir='ltr'><strong>absque</strong></span> <span class='ocrx_word' id='word_1_251' title='bbox 1060 2081 1230 2132; x_wconf 81' lang='lat' dir='ltr'><strong>catalogo</strong></span> <span class='ocrx_word' id='word_1_252' title='bbox 1256 2082 1295 2118; x_wconf 90' lang='lat' dir='ltr'><strong>in</strong></span> <span class='ocrx_word' id='word_1_253' title='bbox 1328 2092 1397 2119; x_wconf 90' lang='lat' dir='ltr'><strong>sua</strong></span> <span class='ocrx_word' id='word_1_254' title='bbox 1428 2085 1532 2120; x_wconf 89' lang='lat' dir='ltr'><strong>recto</strong></span> <span class='ocrx_word' id='word_1_255' title='bbox 1563 2083 1693 2120; x_wconf 87' lang='lat' dir='ltr'><strong>ordine</strong></span> 
     </span>
     <span class='ocr_line' id='line_1_29' title="bbox 234 2138 1693 2201; baseline -0.001 -14"><span class='ocrx_word' id='word_1_256' title='bbox 234 2138 358 2200; x_wconf 80' lang='lat' dir='ltr'><strong>capita</strong></span> <span class='ocrx_word' id='word_1_257' title='bbox 381 2150 506 2188; x_wconf 89' lang='lat' dir='ltr'><strong>videre</strong></span> <span class='ocrx_word' id='word_1_258' title='bbox 534 2154 593 2187; x_wconf 86' lang='lat' dir='ltr'><strong>est</strong></span> <span class='ocrx_word' id='word_1_259' title='bbox 615 2149 872 2197; x_wconf 83' lang='lat' dir='ltr'><strong>distributum3</strong></span> <span class='ocrx_word' id='word_1_260' title='bbox 910 2150 1011 2201; x_wconf 91' lang='lat' dir='ltr'><strong>quod</strong></span> <span class='ocrx_word' id='word_1_261' title='bbox 1035 2154 1074 2188; x_wconf 89' lang='lat' dir='ltr'><strong>et</strong></span> <span class='ocrx_word' id='word_1_262' title='bbox 1099 2150 1170 2201; x_wconf 90' lang='lat' dir='ltr'><strong>ipsi</strong></span> <span class='ocrx_word' id='word_1_263' title='bbox 1197 2149 1330 2200; x_wconf 87' lang='lat' dir='ltr'><strong>quibus</strong></span> <span class='ocrx_word' id='word_1_264' title='bbox 1353 2161 1442 2186; x_wconf 88' lang='lat' dir='ltr'><strong>usus</strong></span> <span class='ocrx_word' id='word_1_265' title='bbox 1458 2152 1518 2186; x_wconf 89' lang='lat' dir='ltr'><strong>est</strong></span> <span class='ocrx_word' id='word_1_266' title='bbox 1538 2149 1693 2187; x_wconf 87' lang='lat' dir='ltr'><strong>Gretse-</strong></span> 
     </span>
     <span class='ocr_line' id='line_1_30' title="bbox 234 2215 1692 2268; baseline 0 -14"><span class='ocrx_word' id='word_1_267' title='bbox 234 2230 296 2254; x_wconf 89' lang='lat' dir='ltr'><strong>rus</strong></span> <span class='ocrx_word' id='word_1_268' title='bbox 324 2217 568 2268; x_wconf 88' lang='lat' dir='ltr'><strong>comprobant</strong></span> <span class='ocrx_word' id='word_1_269' title='bbox 594 2218 750 2255; x_wconf 90' lang='lat' dir='ltr'><strong>codices.</strong></span> <span class='ocrx_word' id='word_1_270' title='bbox 807 2231 890 2255; x_wconf 91' lang='lat' dir='ltr'><strong>cum</strong></span> <span class='ocrx_word' id='word_1_271' title='bbox 915 2222 1039 2255; x_wconf 86' lang='lat' dir='ltr'><strong>tamen</strong></span> <span class='ocrx_word' id='word_1_272' title='bbox 1071 2218 1109 2255; x_wconf 92' lang='lat' dir='ltr'><strong>in</strong></span> <span class='ocrx_word' id='word_1_273' title='bbox 1131 2217 1317 2255; x_wconf 90' lang='lat' dir='ltr'><strong>Codinum</strong></span> <span class='ocrx_word' id='word_1_274' title='bbox 1337 2217 1556 2267; x_wconf 88' lang='lat' dir='ltr'><strong>scriptorem</strong></span> <span class='ocrx_word' id='word_1_275' title='bbox 1580 2215 1692 2267; x_wconf 87' lang='lat' dir='ltr'><strong>pleri-</strong></span> 
     </span>
     <span class='ocr_line' id='line_1_31' title="bbox 231 2282 1691 2336; baseline 0.001 -14"><span class='ocrx_word' id='word_1_276' title='bbox 231 2297 305 2336; x_wconf 89' lang='lat' dir='ltr'><strong>que</strong></span> <span class='ocrx_word' id='word_1_277' title='bbox 335 2286 518 2335; x_wconf 85' lang='lat' dir='ltr'><strong>referant,</strong></span> <span class='ocrx_word' id='word_1_278' title='bbox 574 2285 664 2336; x_wconf 88' lang='lat' dir='ltr'><strong>quin</strong></span> <span class='ocrx_word' id='word_1_279' title='bbox 703 2284 890 2323; x_wconf 88' lang='lat' dir='ltr'><strong>Codinum</strong></span> <span class='ocrx_word' id='word_1_280' title='bbox 922 2289 1102 2335; x_wconf 87' lang='lat' dir='ltr'><strong>agnoscat</strong></span> <span class='ocrx_word' id='word_1_281' title='bbox 1138 2287 1330 2336; x_wconf 83' lang='lat' dir='ltr'><strong>parentem</strong></span> <span class='ocrx_word' id='word_1_282' title='bbox 1366 2295 1445 2322; x_wconf 83' lang='lat' dir='ltr'><strong>non</strong></span> <span class='ocrx_word' id='word_1_283' title='bbox 1470 2282 1618 2322; x_wconf 82' lang='lat' dir='ltr'><strong>invideo</strong></span> <span class='ocrx_word' id='word_1_284' title='bbox 1637 2282 1691 2334; x_wconf 88' lang='lat'><strong>*).</strong></span> 
     </span>
     <span class='ocr_line' id='line_1_32' title="bbox 231 2350 1692 2404; baseline -0.002 -13"><span class='ocrx_word' id='word_1_285' title='bbox 231 2352 322 2391; x_wconf 86' lang='lat' dir='ltr'><strong>alios</strong></span> <span class='ocrx_word' id='word_1_286' title='bbox 341 2353 424 2404; x_wconf 90' lang='lat' dir='ltr'><strong>ipso</strong></span> <span class='ocrx_word' id='word_1_287' title='bbox 443 2352 637 2404; x_wconf 86' lang='lat' dir='ltr'><strong>ampliores</strong></span> <span class='ocrx_word' id='word_1_288' title='bbox 661 2354 758 2392; x_wconf 89' lang='lat' dir='ltr'><strong>inter</strong></span> <span class='ocrx_word' id='word_1_289' title='bbox 780 2357 890 2391; x_wconf 82' lang='lat' dir='ltr'><strong>notas</strong></span> <span class='ocrx_word' id='word_1_290' title='bbox 913 2352 1087 2403; x_wconf 86' lang='lat' dir='ltr'><strong>adiungo.</strong></span> <span class='ocrx_word' id='word_1_291' title='bbox 1143 2352 1243 2403; x_wconf 87' lang='lat' dir='ltr'><strong>ipsas</strong></span> <span class='ocrx_word' id='word_1_292' title='bbox 1271 2352 1382 2390; x_wconf 87' lang='lat' dir='ltr'><strong>etiam</strong></span> <span class='ocrx_word' id='word_1_293' title='bbox 1398 2354 1508 2389; x_wconf 84' lang='lat' dir='ltr'><strong>notas</strong></span> <span class='ocrx_word' id='word_1_294' title='bbox 1524 2350 1692 2401; x_wconf 89' lang='lat' dir='ltr'><strong>utrisque</strong></span> 
     </span>
     <span class='ocr_line' id='line_1_33' title="bbox 233 2419 1689 2473; baseline -0.003 -14"><span class='ocrx_word' id='word_1_295' title='bbox 233 2433 276 2459; x_wconf 92' lang='lat' dir='ltr'><strong>ac</strong></span> <span class='ocrx_word' id='word_1_296' title='bbox 303 2421 375 2458; x_wconf 87' lang='lat' dir='ltr'><strong>toti</strong></span> <span class='ocrx_word' id='word_1_297' title='bbox 402 2420 537 2459; x_wconf 87' lang='lat' dir='ltr'><strong>Codini</strong></span> <span class='ocrx_word' id='word_1_298' title='bbox 559 2421 662 2473; x_wconf 89' lang='lat' dir='ltr'><strong>operi</strong></span> <span class='ocrx_word' id='word_1_299' title='bbox 678 2420 777 2459; x_wconf 85' lang='lat' dir='ltr'><strong>volui</strong></span> <span class='ocrx_word' id='word_1_300' title='bbox 795 2432 992 2471; x_wconf 79' lang='lat' dir='ltr'><strong>connean,</strong></span> <span class='ocrx_word' id='word_1_301' title='bbox 1022 2423 1066 2457; x_wconf 93' lang='lat' dir='ltr'><strong>ut</strong></span> <span class='ocrx_word' id='word_1_302' title='bbox 1094 2419 1253 2457; x_wconf 88' lang='lat' dir='ltr'><strong>auctoris</strong></span> <span class='ocrx_word' id='word_1_303' title='bbox 1270 2419 1456 2458; x_wconf 88' lang='lat' dir='ltr'><strong>arridente</strong></span> <span class='ocrx_word' id='word_1_304' title='bbox 1478 2421 1583 2456; x_wconf 88' lang='lat' dir='ltr'><strong>textu</strong></span> <span class='ocrx_word' id='word_1_305' title='bbox 1609 2419 1689 2455; x_wconf 86' lang='lat' dir='ltr'><strong>cius</strong></span> 
     </span>
     <span class='ocr_line' id='line_1_34' title="bbox 233 2485 1690 2539; baseline -0.003 -13"><span class='ocrx_word' id='word_1_306' title='bbox 233 2489 416 2539; x_wconf 87' lang='lat' dir='ltr'><strong>expositio</strong></span> <span class='ocrx_word' id='word_1_307' title='bbox 444 2487 581 2526; x_wconf 89' lang='lat' dir='ltr'><strong>nullam</strong></span> <span class='ocrx_word' id='word_1_308' title='bbox 605 2488 672 2526; x_wconf 88' lang='lat' dir='ltr'><strong>tibi</strong></span> <span class='ocrx_word' id='word_1_309' title='bbox 701 2487 886 2539; x_wconf 86' lang='lat' dir='ltr'><strong>relinquat</strong></span> <span class='ocrx_word' id='word_1_310' title='bbox 912 2488 1033 2526; x_wconf 89' lang='lat' dir='ltr'><strong>animo</strong></span> <span class='ocrx_word' id='word_1_311' title='bbox 1067 2488 1304 2526; x_wconf 89' lang='lat' dir='ltr'><strong>dubietatem.</strong></span> <span class='ocrx_word' id='word_1_312' title='bbox 1361 2486 1547 2525; x_wconf 85' lang='lat' dir='ltr'><strong>Codinum</strong></span> <span class='ocrx_word' id='word_1_313' title='bbox 1575 2485 1690 2535; x_wconf 83' lang='lat' dir='ltr'><strong>igitur</strong></span> 
     </span>
     <span class='ocr_line' id='line_1_35' title="bbox 231 2551 1647 2609; baseline -0.001 -18"><span class='ocrx_word' id='word_1_314' title='bbox 231 2553 374 2605; x_wconf 90' lang='lat' dir='ltr'><strong>plenius</strong></span> <span class='ocrx_word' id='word_1_315' title='bbox 405 2568 448 2593; x_wconf 91' lang='lat' dir='ltr'><strong>ac</strong></span> <span class='ocrx_word' id='word_1_316' title='bbox 470 2556 616 2607; x_wconf 82' lang='lat' dir='ltr'><strong>integre</strong></span> <span class='ocrx_word' id='word_1_317' title='bbox 642 2556 760 2607; x_wconf 84' lang='lat' dir='ltr'><strong>magis</strong></span> <span class='ocrx_word' id='word_1_318' title='bbox 788 2555 1024 2608; x_wconf 83' lang='lat' dir='ltr'><strong>explanatum</strong></span> <span class='ocrx_word' id='word_1_319' title='bbox 1049 2556 1207 2609; x_wconf 88' lang='lat' dir='ltr'><strong>suspice,</strong></span> <span class='ocrx_word' id='word_1_320' title='bbox 1238 2559 1276 2594; x_wconf 90' lang='lat' dir='ltr'><strong>et</strong></span> <span class='ocrx_word' id='word_1_321' title='bbox 1297 2553 1532 2605; x_wconf 85' lang='lat' dir='ltr'><strong>integerrime</strong></span> <span class='ocrx_word' id='word_1_322' title='bbox 1557 2551 1647 2590; x_wconf 89' lang='lat' dir='ltr'><strong>vale.</strong></span> 
     </span>
    </p>
   </div>
   <div class='ocr_carea' id='block_1_3' title="bbox 278 2688 1013 2736">
    <p class='ocr_par' dir='ltr' id='par_1_6' title="bbox 278 2688 1013 2736">
     <span class='ocr_line' id='line_1_36' title="bbox 278 2688 1013 2736; baseline -0.001 -2"><span class='ocrx_word' id='word_1_323' title='bbox 278 2688 314 2734; x_wconf 65' lang='lat'><strong>²⁸)</strong></span> <span class='ocrx_word' id='word_1_324' title='bbox 340 2692 386 2727; x_wconf 73' lang='lat' dir='ltr'><strong>cf·</strong></span> <span class='ocrx_word' id='word_1_325' title='bbox 412 2696 572 2734; x_wconf 79' lang='lat' dir='ltr'><strong>Gretser.</strong></span> <span class='ocrx_word' id='word_1_326' title='bbox 595 2703 814 2736; x_wconf 84' lang='lat' dir='ltr'><strong>commentar.</strong></span> <span class='ocrx_word' id='word_1_327' title='bbox 840 2700 859 2733; x_wconf 87' lang='lat'>1</span> <span class='ocrx_word' id='word_1_328' title='bbox 886 2699 903 2734; x_wconf 91' lang='lat'>1</span> <span class='ocrx_word' id='word_1_329' title='bbox 922 2702 1013 2734; x_wconf 85' lang='lat' dir='ltr'><strong>extr.</strong></span> 
     </span>
    </p>
   </div>
  </div>
 </body>
</html>
