1820 3178
163 2470 188 2503 P
215 2471 280 2507 179

306 228 399 274 162
520 227 793 273 GRETSERI
812 227 883 270 ET
903 227 1076 271 GOARI
1096 204 1533 271 &OMMENTARIUS

302 336 445 371 ecclesia
480 336 696 371 ministerium
727 335 798 370 eius
820 335 982 377 semovit,
1015 337 1051 368 et
1079 346 1142 380 per
1165 333 1239 368 vias
1262 337 1392 370 tantum
1413 328 1555 381 locaque
1576 335 1748 380 gressibus

302 382 457 417 difficilia
478 383 603 417 monuit
628 382 778 416 adhiberi
802 386 1007 415 consuetum.

393 429 490 471 [ἴσθι
519 426 560 462 δὲ
594 427 657 462 καὶ
689 428 813 461 τοῦτο.
861 424 903 461 τὸ
936 422 1131 461 συνοὸικὸν
1161 423 1224 460 καὶ
1256 421 1280 469 ἡ
1314 421 1518 470 ἀνάγνωσις
1545 420 1692 471 ἅπασα,
1725 422 1747 459 ὁ

299 471 536 529 χαςτοφζιλαξ
561 469 800 530 ἀναγινώσκει
824 469 933 507 αὐτά.
980 469 1017 507 εἰ
1037 467 1078 506 δὲ
1103 467 1170 506 οὖκ
1192 468 1266 506 ἔστι
1289 467 1538 517 χαρτοφῦλαξ,
1559 467 1639 512 οἷος
1650 482 1747 515 πρω-

299 531 398 555 τευει
417 531 489 553 των
505 518 734 564 ἄξιωματων.

391 563 453 599 καὶ
477 561 815 609 διερμηνευσόμεθα
837 559 900 598 καὶ
920 559 967 597 τὰ
990 558 1106 607 μήνεα
1130 561 1204 596 τῶν
1225 560 1418 606 κληρικῶν.
1464 557 1490 605 ἡ
1516 558 1617 603 nouit
1663 572 1748 597 πεν-

299 606 369 650 τὰς
388 607 435 644 τὰ
456 609 586 654 διπλοῖ,
616 606 640 655 ἡ
658 605 812 652 δευτέρα
826 605 960 649 πεντὰς
973 605 1017 643 ἓν
1042 605 1106 642 ’καὶ
1126 603 1255 652 ἥμισυ,
1286 605 1312 651 ἡ
1336 606 1440 652 τρίτη
1462 602 1598 648 πεντὰς
1641 618 1663 642 ν
1684 605 1749 642 καὶ

297 652 490 699 τέταρτον.
535 652 687 700 ἄρχεται
709 648 777 690 οὖν
799 652 863 688 καὶ
886 651 906 688 ὁ
928 655 1180 696 πρωτοπαπᾶς
1203 651 1256 693 εἰς
1278 648 1325 686 τοὶ
1349 651 1464 686 διπλᾶ
1485 652 1566 689 τοῦ.

394 697 488 744 αὕτη
511 694 608 736 ἐστὶν
633 698 658 746 ἡ
685 698 850 742 διάταξις
871 700 937 744 τῆς
959 697 1066 744 ἁγίας
1083 698 1149 732 τοῦ
1170 697 1267 733 θεοῦ
1289 693 1498 743 ἐκκλησίας,
1527 693 1643 744 ἥνπερ
1669 692 1749 733 ἔνο·

297 743 515 792 μοθέτησαν
536 743 576 780 οἴ
595 742 792 790 ἁγιώτατοι
813 742 1036 791 πατριάρχαι
1057 742 1119 778 καὶ
1141 741 1182 778 οἷ
1203 741 1448 788 οἰκουμενικρὶ
1473 740 1627 786 πατέρες
1646 739 1751 786 παρὰ

298 792 374 827 τῶν
403 788 519 836 ἁγίων
547 790 737 837 συνόδων,
766 789 830 827 καὶ
860 786 1044 836 ἐνέθησαν
1077 785 1171 835 αὐτῇ
1193 789 1239 835 τῇ
1261 786 1431 837 ἐκκλησίᾳ
1454 789 1523 824 τοῦ
1543 791 1666 825 ποιεῖν
1687 785 1751 824 043-

299 850 373 879 τως
395 835 444 877 ὥς
467 834 617 883 ἔφημεν.
641 838 707 882 Μ.]
1456 875 1464 883 ⁶

414 906 531 944 Porro
558 907 653 945 sicut
681 908 719 945 in
750 907 868 958 primo
893 905 1060 954 quinario
1087 906 1253 943 Codinus
1285 905 1391 955 ponit
1415 916 1502 956 sex,
1529 905 1583 943 ita
1613 905 1652 942 in
1681 904 1753 943 hoc

299 963 429 1002 ultimo
450 963 604 1001 collocat
623 966 804 1002 duntaxat
831 955 1017 1012 quattuoi.
1045 965 1168 1002 ταῦτα
1197 960 1244 1001 to}
1272 958 1448 1012 ὀφφίκια
1472 957 1521 1001 τοὶ
1547 960 1753 1013 ἐκκλησια-

300 1018 436 1069 στικοὶ,
465 1020 587 1069 inquit
603 1021 791 1070 eodinus,
820 1020 906 1058 haec
933 1023 1012 1056 sunt
1033 1019 1149 1069 officia
1172 1019 1420 1057 ecclesiastica.
1461 1029 1557 1067 quae
1584 1017 1695 1064 etiam
1714 1018 1752 1055 in

299 1078 408 1128 epist.
439 1077 666 1114 Graecorum
686 1078 736 1115 ad
759 1076 980 1125 Gregorium
998 1075 1043 1114 X.
1068 1087 1202 1126 papam
1221 1088 1265 1113 ex
1284 1078 1392 1126 parte
1411 1078 1751 1113 commemorantur.

300 1146 452 1183 magnus
495 1147 711 1180 oeconomus,
751 1133 968 1184 protecdicus
981 1160 993 1179 ,
1045 1132 1246 1182 logotheta,
1293 1133 1496 1180 castrum,
1548 1131 1755 1182 referenda-

301 1192 377 1227 rius
387 1203 401 1234 ,⁰
430 1192 492 1240 qui
508 1203 610 1241 super
631 1191 789 1238 iudicia,
816 1191 878 1240 qui
909 1201 1010 1238 super
1040 1192 1192 1236 secreta,
1221 1189 1283 1240 qui
1311 1200 1412 1238 super
1437 1199 1572 1226 sacrum
1603 1191 1636 1226 et
1659 1182 1755 1225 dona

301 1246 513 1297 apostolica,
562 1248 625 1296 qui
657 1247 877 1297 primicerius
904 1245 1197 1294 patriarchalium
1235 1247 1470 1289 notariorum
1507 1246 1570 1294 qui
1596 1245 1754 1295 princqis

301 1302 546 1350 ecclesiarum,
575 1304 637 1354 qui
657 1315 757 1353 super
780 1304 981 1352 petitiones,
1012 1303 1073 1351 qui
1105 1302 1391 1347 rememoratorii,
1420 1302 1484 1352 qui
1505 1301 1664 1348 ostiarii,
1693 1301 1756 1351 qui

298 1358 560 1409 patriarchales
590 1361 744 1406 notarii,
779 1361 841 1408 qui
863 1361 1075 1408 protopapae
1095 1370 1172 1395 cum
1195 1360 1266 1394 toto
1287 1357 1501 1408 presbyterio
1531 1356 1754 1395 archidiaco-
1795 1377 1798 1379 ·

300 1418 409 1451 natus
429 1415 672 1462 ecclesiastici,
700 1419 733 1452 et
752 1417 815 1464 qui
831 1414 1009 1450 domestici
1033 1425 1107 1450 cum
1123 1414 1272 1451 omnibus
1287 1413 1483 1464 psalmistis
1504 1417 1540 1451 et
1563 1412 1753 1452 lectoribus.

305 1469 507 1522 Gregorius
532 1484 632 1525 papa
651 1471 690 1511 in
709 1471 815 1524 epist.
840 1470 889 1509 ad
911 1469 1074 1507 Graecos
1093 1469 1314 1510 sacellarium
1340 1469 1456 1509 addit.

666 1755 1344 1807 >CAPUTXIV.

303 1876 360 1945 In
396 1909 671 1947 enumeratione
704 1909 905 1948 officiorum
943 1910 1269 1949 ecclesiasticorum
1306 1920 1383 1947 non
1419 1906 1590 1947 convenit
1615 1905 1754 1944 Citrius

302 1982 386 2007 cum
405 1970 565 2020 Codino,
583 1975 626 2007 ut
638 1983 751 2020 supra
770 1984 799 2008 c.
816 1973 842 2011 6
857 1972 1074 2010 monuimus.
1099 1983 1246 2008 causam
1273 1970 1400 2019 addit,
1423 1969 1509 2018 quia
1527 1967 1755 2019 patriarchae

302 2025 395 2063 haee
413 2026 535 2063 omnia
553 2026 733 2064 arbitratu
756 2039 824 2064 suo
847 2027 1042 2064 mutabant
1065 2028 1336 2077 depressosque
1357 2026 1395 2063 in
1410 2025 1527 2063 altum
1550 2023 1756 2063 evehebant

301 2086 342 2119 et
361 2085 507 2119 evectos
533 2083 788 2132 deprimebant
816 2086 854 2119 et
876 2095 971 2120 nova
998 2084 1122 2120 munia
1148 2082 1413 2130 instituebant,
1446 2087 1558 2131 prout
1586 2081 1671 2118 huic
1696 2079 1755 2117 vel

300 2138 351 2174 illi
370 2138 599 2187 gratificandi
617 2138 787 2175 voluntas
806 2138 956 2176 ferebat.
994 2143 1140 2190 praeter
1168 2139 1287 2176 officia
1315 2151 1338 2176 a
1367 2138 1514 2175 Codino
1541 2140 1755 2175 enumerata

302 2198 392 2231 sunt
411 2194 543 2231 istaec:
569 2192 592 2234 ὁ
619 2193 684 2234 ἐπὶ
703 2197 782 2234 τῶν
803 2190 1068 2245 κατηχήσεων,
1098 2195 1299 2243 catechista,
1322 2194 1625 2246 orphanotrophus,
1651 2196 1754 2244 quat-

303 2254 383 2287 tuor
411 2249 622 2300 defensores,
661 2249 728 2290 καὶ
759 2249 782 2291 ὁ
805 2247 1083 2302 περιοδευτής,
1120 2254 1261 2289 circitor
1296 2251 1509 2300 Bonefidi0‚
1539 2249 1753 2288 correctori—

302 2306 373 2344 bus
402 2308 573 2344 visitator,
617 2307 707 2355 quid
733 2307 765 2343 si
793 2307 842 2344 sit
868 2307 927 2344 ille
955 2319 1064 2356 quem
1091 2307 1273 2358 Typicum
1300 2308 1417 2345 saneti
1443 2307 1564 2345 Sabae
1589 2305 1754 2344 nominat

302 2358 565 2414 ἕξυπνιαστήν
591 2375 656 2399 seu
685 2361 941 2413 ἐξυπνίστην,
969 2367 1211 2413 excitatorem,
1247 2365 1349 2402 cuius
1376 2368 1457 2403 erat
1488 2365 1525 2402 in
1558 2362 1688 2413 vigiliis
1713 2364 1752 2398 et

304 2415 543 2473 ἀγρυπνίαις
560 2419 708 2456 circuire
735 2423 773 2456 et
790 2419 1041 2457 somnolentos
1061 2420 1246 2458 excitare?

415 2474 568 2514 Praeter
590 2475 658 2513 hos
675 2480 842 2513 recenset
861 2477 998 2513 Citrius
1019 2477 1151 2515 theorus
1177 2490 1243 2515 seu
1269 2477 1449 2526 custodes,
1476 2479 1514 2513 et
1538 2475 1752 2526 deputatos,

302 2532 350 2569 de
369 2531 503 2581 quibus
531 2532 651 2583 capite
669 2533 877 2583 superiore3
899 2532 1060 2580 itemque
1087 2536 1283 2572 camz'satos.
1312 2534 1379 2570 sed
1405 2533 1510 2571 addit
1530 2531 1639 2569 haec:
1675 2525 1750 2570 οὐκ

303 2587 404 2627 εἰσὶν
421 2583 597 2638 ὄφφίκια
617 2584 714 2628 ἄλλα
736 2589 934 2628 διακονίαι
953 2589 1041 2639 περὶ
1068 2587 1113 2629 τό
1136 2587 1251 2642 ἅγιον
1277 2590 1401 2641 βῆμα.
1435 2588 1536 2637 quod
1564 2588 1751 2625 comisato-

301 2656 380 2681 rum
401 2644 451 2681 sit
480 2644 661 2694 officium,
697 2645 753 2682 his
780 2645 899 2682 verbis
929 2645 1055 2682 docet:
1086 2646 1420 2697 camisatiferendis
1452 2645 1500 2682 ad
1526 2643 1642 2682 altare
1671 2654 1749 2680 car-

301 2700 445 2738 bonibus
468 2705 501 2738 et
519 2705 630 2739 sacris
647 2701 808 2740 lebetibus
826 2700 1073 2752 calefaciendis
1093 2704 1254 2752 occupati
1271 2706 1371 2750 sunt,
1388 2705 1429 2739 ut
1447 2701 1522 2738 illic
1541 2711 1630 2738 more
1647 2698 1749 2735 solito

302 2769 399 2812 aqua
438 2755 579 2806 fervens
617 2760 726 2795 sacris
764 2758 930 2795 calicibus
980 2761 1179 2807 tempestive
1222 2758 1447 2808 infundatur.
1494 2755 1616 2794 solent
1651 2753 1749 2796 enim

302 2811 457 2861 Graeci,
476 2817 517 2849 ut
535 2814 658 2851 videre
682 2818 740 2851 est
758 2815 796 2851 in
813 2813 959 2863 liturgia
978 2814 1016 2850 S.
1038 2814 1293 2863 Chrysostomi
1322 2818 1361 2851 et
1391 2813 1429 2850 in
1460 2812 1603 2850 theoria
1627 2821 1748 2848 rerum

301 2868 626 2909 ecclesiasticarum
647 2870 821 2911 Germani
842 2874 880 2909 et
910 2871 948 2909 in
982 2870 1212 2925 expositione
1247 2869 1416 2922 liturgiae
1447 2866 1664 2918 Camenae,
1686 2877 1745 2903 ca-
