1832 3178
202 206 245 235 vr
846 195 1020 238 GOARI

199 324 266 360 sed
290 324 323 359 ei
345 323 413 361 soli
446 326 652 362 vovendum
695 339 806 375 quem
834 326 989 377 plurima
1018 325 1219 377 respiciunt
1241 326 1395 376 Officia,
1427 330 1466 365 et
1493 328 1594 366 cuius
1618 329 1656 367 in

201 391 323 427 fronte
349 391 551 441 praefixum
582 405 716 430 nomen
746 407 832 444 pars
862 393 943 430 libri
973 394 1022 430 sit
1049 393 1251 444 potissima.
1307 394 1360 432 sic
1387 397 1445 431 est
1476 396 1658 446 profecto,

201 458 408 495 Cardinalis
427 459 738 497 Eminentissime:
771 473 838 511 per
855 459 914 498 Te
929 460 1096 498 Codinus
1116 461 1246 498 mirum
1263 460 1303 498 in
1321 461 1472 499 modum
1487 467 1658 514 augetur,

202 538 335 575 nempe
359 526 423 574 qui
447 539 524 564 non
554 526 689 563 Officia
714 526 834 564 solum
863 531 1054 564 emunerat
1085 540 1243 579 magnae
1274 527 1447 566 ecclesiae
1478 533 1518 567 et
1553 530 1658 569 aulae

201 593 443 643 Cpolitanae,
486 593 554 630 sed
580 593 690 630 etiam
720 594 939 645 ampliores,
980 607 1074 644 quas
1107 595 1145 633 in
1180 595 1240 633 Te
1267 595 1431 647 colligis,
1465 598 1658 648 utriusque

202 660 329 711 palatii
347 660 455 710 Regii
486 664 525 697 et
547 659 716 697 Vaticani
745 662 945 711 dignitates
973 662 1119 700 videtur
1144 663 1351 714 expressius
1369 669 1656 715 repraesentare.

202 734 430 779 quapropter
451 731 638 766 auctorem
658 728 756 767 hunc
781 729 867 768 Tuo
896 730 1044 767 nomine
1078 730 1317 780 consignasse
1343 730 1484 770 sincere
1511 735 1551 770 et
1577 732 1658 770 sine

155 810 158 812 ·
201 796 285 831 suco
305 795 480 845 profiteor
509 796 743 845 praecipuam
773 809 818 834 ex
844 797 934 835 meis
964 798 1013 834 ad
1031 810 1114 835 eum
1137 797 1248 835 notis.
1305 798 1358 836 ita
1376 811 1453 836 non
1471 800 1568 837 foret
1587 800 1658 838 iste

201 873 315 911 meus,
347 861 417 899 nisi
436 861 553 899 Tuus.
610 863 749 902 utinam
774 863 860 901 olim
885 864 1033 902 Codino
1065 865 1194 902 datum
1223 863 1310 902 Tuo
1335 866 1409 903 frui
1435 870 1657 919 conspectu:

202 942 295 965 rmus
324 930 357 966 ei
384 929 515 966 fuisses
546 930 635 966 satis
660 931 709 967 ad
735 943 866 968 novam
895 931 1107 970 Officiorum
1129 931 1224 969 bene
1246 932 1396 983 longam
1421 935 1552 974 seriem
1569 948 1659 973 con-

201 997 406 1033 texendam.
464 1008 575 1044 quam
606 997 809 1035 luculentas
838 998 876 1035 in
904 998 1005 1035 illum
1030 1011 1128 1037 nunc
1144 1002 1470 1039 commentationes
1490 1003 1656 1040 ederem!

200 1075 312 1111 quam
330 1063 462 1113 ingens
482 1064 676 1114 implerent
699 1065 870 1103 volumen
878 1093 891 1116 ,
923 1066 987 1102 ubi
1018 1067 1113 1105 circa
1133 1068 1298 1120 singula,
1344 1068 1477 1119 quibus
1507 1071 1657 1120 perfun-

200 1132 282 1166 ctus
303 1142 341 1167 es
354 1157 366 1180 ,
394 1143 570 1182 munera,
605 1137 747 1181 quanta
768 1133 826 1170 Te
842 1134 1021 1183 gessisses
1046 1135 1084 1172 in
1103 1148 1328 1185 unoquoque
1347 1137 1544 1187 prudentia
1562 1137 1657 1175 inte-

199 1196 336 1245 gritate
361 1196 493 1247 laude,
529 1199 705 1236 curiosius
727 1203 986 1254 annotassem!
1035 1205 1076 1239 at
1100 1202 1191 1251 quid
1219 1213 1314 1240 vana
1334 1203 1468 1241 mentis
1496 1203 1657 1244 oblecta-

199 1263 301 1300 tione
330 1264 513 1302 deludor?
578 1267 684 1315 quasi
712 1280 799 1305 vero
828 1268 926 1305 notis
953 1268 1118 1318 indigeat
1159 1269 1261 1318 quod
1293 1270 1462 1308 omnibus
1493 1271 1658 1310 notum?

200 1331 380 1369 neminem
404 1331 474 1369 hoc
492 1333 620 1382 sugere
638 1334 772 1384 potuit.
830 1334 889 1373 Te
922 1335 1219 1385 quotusquisque
1248 1336 1353 1374 facile
1384 1339 1657 1390 suspiciendum

201 1398 353 1449 habuit,
391 1411 502 1448 quem
536 1401 670 1439 decora
702 1402 880 1440 virtutum
911 1407 999 1441 ante
1037 1416 1237 1454 purpuram
1272 1404 1409 1454 ubique
1444 1410 1657 1447 statuerunt

199 1466 547 1505 Eminentissimum.
605 1467 665 1505 Te
700 1468 811 1508 talem
852 1483 1038 1522 purpurae
1070 1470 1193 1521 fulgor
1228 1471 1390 1522 invenit,
1441 1486 1518 1512 non
1558 1475 1655 1513 fecit.

199 1533 287 1570 nihil
313 1535 362 1571 ad
392 1535 586 1572 veritatem
615 1536 738 1574 addo:
785 1537 837 1575 sic
863 1539 965 1588 apud
989 1550 1047 1576 me
1083 1550 1296 1589 supremum
1326 1539 1468 1577 aeterni
1496 1541 1656 1579 numinis

197 1600 235 1636 in
256 1599 314 1636 Te
334 1601 536 1650 consilium,
572 1615 648 1639 non
671 1603 872 1642 desultoria
894 1605 1118 1655 cogitatione
1144 1606 1212 1642 sed
1230 1609 1402 1644 accurato
1419 1607 1553 1645 mentis
1571 1621 1657 1646 exa-

197 1666 307 1715 mine,
339 1666 440 1703 soleo
461 1668 656 1717 pensitare.
715 1670 786 1722 Te,
808 1672 931 1710 fausto
951 1685 1102 1723 prorsus
1123 1673 1259 1723 omine,
1287 1674 1449 1711 decrevit
1473 1675 1656 1715 adlectum

197 1733 236 1769 in
264 1733 558 1782 praedicatorum
586 1737 777 1787 familiam,
824 1740 863 1776 in
893 1751 968 1789 qua
998 1739 1210 1776 meritorum
1236 1739 1414 1790 suffragio
1442 1755 1527 1780 vere
1558 1744 1656 1783 fores

198 1813 384 1849 purpurae
402 1803 632 1841 candidatus.
690 1805 748 1842 Te
778 1810 906 1843 natum
927 1807 966 1843 in
991 1806 1147 1845 salutem
1178 1806 1285 1843 huius
1318 1807 1456 1858 imperii
1475 1809 1590 1848 voluit
1607 1812 1656 1850 ad

199 1867 413 1904 doctoratus
433 1870 590 1918 gradum
607 1873 835 1922 promoveri,
878 1885 974 1923 quae
1002 1873 1126 1910 laurea
1151 1884 1228 1910 non
1252 1872 1407 1912 obscure
1425 1875 1548 1915 lauros
1566 1878 1656 1917 alias

197 1933 456 1981 adu1nbraret3
496 1941 535 1973 et
566 1939 669 1986 quod
700 1940 903 1989 antiquitas
930 1940 1138 1979 fabulosum
1166 1941 1316 1990 cecinit,
1351 1943 1516 1982 veritatis
1549 1959 1656 1996 prae-

197 2000 368 2037 nuntium
395 2014 439 2038 ac
460 2005 695 2052 praeconium
722 2007 922 2056 posteritas
953 2008 1236 2059 comprobaret,
1281 2008 1469 2048 Palladem
1501 2024 1522 2048 e
1557 2012 1655 2052 Iovis

198 2067 347 2104 cerebro
365 2071 515 2120 natam,
554 2071 726 2110 laureatis
758 2075 868 2111 armis
894 2074 1133 2125 instructam,
1175 2074 1406 2116 Athenarum
1425 2090 1468 2115 ac
1485 2079 1656 2119 scientia—

198 2147 278 2172 rum
296 2136 457 2185 omnium
477 2137 547 2174 sibi
578 2152 810 2191 comparasse
837 2141 1072 2192 praesidium,
1111 2155 1155 2179 ac
1173 2142 1331 2180 subinde
1349 2145 1398 2182 ad
1416 2145 1534 2184 oleam
1554 2149 1655 2199 pacis

198 2208 454 2252 argumentum
473 2203 630 2243 Athenis
656 2207 895 2258 plantandam
923 2196 1037 2258 atque
1065 2222 1192 2260 pacem
1216 2209 1335 2260 ipsam
1363 2211 1402 2249 in
1428 2213 1556 2253 orbem
1574 2216 1656 2254 uni-

196 2283 341 2309 versum
360 2273 637 2324 propagandam
659 2275 819 2313 animum
839 2276 1072 2314 convertisse.
1126 2289 1235 2329 quem
1265 2277 1405 2316 caelum
1435 2281 1656 2332 designabat

197 2350 414 2389 proregem,
452 2341 557 2378 Ordo
590 2342 846 2391 provincialem
874 2342 1119 2381 renuntiavit:
1165 2344 1258 2381 sacri
1285 2345 1411 2395 palatii
1437 2349 1653 2399 magistrum

197 2405 297 2454 prius
329 2406 489 2445 instituit
525 2409 692 2459 pontifex
728 2422 840 2459 quam
874 2423 1004 2460 regum
1041 2422 1234 2462 supremus
1267 2411 1396 2450 Gallici
1417 2416 1653 2460 ‘ministrum

198 2472 323 2510 virtuti
360 2475 520 2524 proclive
547 2489 613 2526 per
645 2477 861 2515 descensum
897 2477 1081 2527 gradatim
1118 2479 1326 2516 ascendere.
1385 2484 1487 2530 quod
1520 2484 1655 2523 deinde

197 2540 335 2577 bonum
363 2543 519 2593 contigit
538 2543 794 2595 Aquensibus,
836 2545 1016 2583 ardebant
1045 2546 1115 2583 toti
1142 2545 1440 2586 Praedicatorum
1469 2550 1588 2588 ordini
1615 2552 1652 2590 in

199 2608 353 2644 comitiis
376 2609 634 2649 Genuensibus
656 2613 752 2650 Galli
779 2616 817 2650 et
846 2613 948 2663 Itali,
996 2626 1153 2663 quorum
1174 2613 1345 2652 iudicium
1373 2617 1430 2654 vel
1457 2630 1501 2654 ex
1528 2631 1572 2656 eo
1592 2631 1651 2657 sa-

198 2675 301 2725 piens
336 2677 614 2726 cemprobatum
647 2684 728 2729 est,
772 2681 873 2729 quod
904 2693 1015 2718 unum
1044 2694 1064 2718 e
1091 2681 1214 2718 multis
1245 2681 1304 2720 Te
1333 2683 1453 2722 Gallia
1470 2686 1653 2724 censuerit

198 2742 368 2779 universa
396 2743 548 2793 dignum
577 2748 640 2796 qui
669 2747 870 2798 principem
896 2748 1071 2798 referres,
1099 2749 1154 2786 cui
1185 2750 1302 2788 nescit
1333 2750 1431 2788 orbis
1449 2752 1650 2801 aequalem.

199 2809 399 2858 prudenter
428 2811 527 2850 haud
550 2813 660 2852 dubie
686 2814 751 2852 tibi
773 2819 851 2853 trun
871 2813 991 2854 Roma
1011 2829 1210 2868 purpuram
1230 2817 1384 2868 obtulit,
1419 2831 1501 2856 cum
1528 2831 1652 2870 regem
