1864 3164
303 187 402 234 270
515 185 787 231 GRETSERI
804 185 875 229 ET
895 182 1071 229 GOARI
1094 181 1528 228 COMMENTARIUS

302 293 446 338 telligit,
469 293 524 329 hic
546 304 673 340 quoqne
694 293 964 336 interpretantur
986 289 1103 325 divum
1125 289 1258 324 velum:
1278 288 1338 324 sed
1355 289 1546 334 fallantur.
1593 287 1648 322 hic
1669 298 1748 323 rur-

301 351 380 375 sus:
405 341 522 374 lunius
541 340 665 384 ubique
686 338 868 372 inscienter
894 336 1011 370 divum
1029 336 1152 370 velum.
1196 339 1233 369 at
1254 345 1317 369 nec
1337 335 1464 374 fallitur
1486 346 1548 369 nec
1570 333 1749 368 inscienter

301 385 419 420 Iunius
442 386 603 430 loquitur,
630 383 703 425 cui,
727 394 768 416 eo
792 383 898 416 tutius
924 392 989 426 quo
1013 380 1196 422 eruditius,
1222 381 1452 426 patrocinatur
1475 380 1692 426 Dempsterus
1715 379 1749 414 iu

302 431 419 465 ultima
442 431 665 465 Romanarum
689 428 842 472 antiquit.
862 427 965 462 calce.
1011 438 1051 461 ex
1073 438 1158 471 quo,
1182 425 1309 471 inquit,
1330 425 1471 460 nomina
1497 426 1618 459 ducum
1640 426 1747 460 vexil—

302 477 348 511 lis
369 477 603 520 praescripta,
628 479 710 519 puto
733 476 890 518 effectum
911 477 948 507 ut
977 473 1206 506 adorarentur
1226 472 1340 517 signa.
1385 471 1461 504 ideo
1492 471 1644 506 salutari
1672 482 1750 504 con-

303 522 381 558 silio
407 522 650 556 Constantinus
675 531 806 553 mecm
829 520 920 553 inter
942 519 1048 563 signa
1071 518 1269 560 collocavit,
1295 522 1334 551 ut
1356 516 1501 550 adorari
1514 521 1635 561 posset.
1665 516 1749 550 1150-

303 579 463 611 ronymus
485 567 584 610 epist.
612 566 659 599 acl
677 566 821 599 Laetam
837 565 879 598 dc
901 565 1009 598 instit.
1017 563 1131 608 filiae.
1176 563 1304 596 vexilla
1314 562 1461 596 militum
1475 562 1582 595 crucis
1597 562 1751 606 insignia

302 618 396 648 eunt.
447 612 660 647 Claudianus
685 611 708 644 l.
735 612 756 646 2
779 611 815 644 in
840 610 1039 654 Rufstnum=
1069 610 1248 653 Augustus
1272 607 1470 642 veneranda
1499 607 1597 651 prior
1624 607 1753 641 vexilla

302 659 450 692 calutat-
499 662 532 692 et
556 658 579 690 l.
605 657 647 690 de
673 656 758 689 bello
784 656 922 689 Getico.-
963 654 1066 688 turba
1094 654 1261 687 salutatis
1285 653 1474 698 effunditur
1502 652 1601 686 obvia
1631 653 1753 697 signis.

303 704 466 738 vexillum
491 703 584 736 istud
610 703 768 735 labarum
790 701 902 735 audit.
950 700 1173 745 Guropalates
1208 695 1389 744 διβέλλιον
1411 701 1526 741 vocat,
1550 697 1666 732 diuum
1693 709 1752 731 ve-

304 749 388 782 lum.
436 748 645 782 Prudentius
675 748 697 780 l.
726 747 765 780 in
792 747 1047 791 Symmachum:
1081 745 1236 778 Christus
1266 754 1474 789 purpuream
1500 748 1672 787 gemmato
1701 747 1755 776 tc-

304 799 385 828 stus
408 794 447 827 in
473 805 560 827 auro
582 793 747 838 signabat
770 792 940 826 labarum.
988 803 1030 825 ea
1053 801 1158 824 causa
1174 790 1277 823 etiam
1299 801 1359 823 cur
1376 799 1441 833 per
1469 789 1574 833 signa
1599 789 1756 823 iurarent

306 840 447 874 milites.
496 839 579 872 haec
603 849 664 872 nos
688 849 730 872 ex
753 837 955 882 Dempstero
987 836 1022 870 in
1052 835 1120 870 divi
1155 835 1311 880 sacrique
1337 834 1406 868 veli
1440 834 1680 879 patrocinium,
1713 844 1756 866 ne

306 884 531 931 proscriptam
564 883 653 917 lunii
686 883 872 917 doctrinam
903 887 1029 916 temere
1059 881 1246 915 videremur
1282 879 1476 916 defendere.
1523 879 1611 913 inter
1643 879 1756 913 iconas

309 929 451 963 concilio
474 929 667 963 Florentino
705 926 878 962 Romanae
907 926 1061 961 editionis
1093 930 1128 959 et
1159 925 1292 970 Regiae
1324 925 1506 967 admixtas,
1538 924 1581 959 ad
1611 924 1757 970 impera-

306 975 392 1009 toris
424 975 630 1009 Graecorum
662 974 696 1008 in
728 973 857 1008 triremi
881 972 1029 1007 sedentis
1059 972 1146 1006 latus
1168 970 1326 1004 vexillum
1356 975 1408 1004 est
1437 970 1588 1014 longius,
1622 975 1660 1004 at
1690 979 1757 1003 non

309 1020 471 1063 bifidum,
506 1020 561 1054 cui
592 1031 675 1054 crux
702 1019 839 1064 appicta
870 1023 942 1052 estt
975 1029 1018 1051 an
1049 1028 1114 1052 non
1136 1016 1248 1063 potius
1270 1016 1313 1050 ob
1337 1025 1468 1051 crucem
1500 1020 1535 1050 et
1562 1015 1758 1060 religionem

310 1067 429 1101 divum
451 1066 561 1101 velum
586 1076 685 1113 quam
710 1065 886 1110 geminum
909 1062 1051 1098 velum?

401 1149 438 1184 p.
455 1138 499 1172 40
515 1150 546 1172 v.
565 1141 597 1173 1.
632 1134 652 1172 ὅ
679 1134 866 1182 κοιέστωρ]
902 1136 1004 1171 etiam
1026 1135 1170 1170 labentis
1192 1133 1320 1180 imperii
1342 1137 1494 1180 tempore
1519 1133 1663 1179 plurima
1683 1132 1760 1180 pol-

311 1184 406 1219 lebat
429 1189 588 1228 quaestor
610 1184 820 1218 auctoritate.
869 1182 996 1226 Ecloga
1017 1181 1142 1215 Leonis
1174 1186 1210 1214 et
1240 1179 1452 1214 Constantini
1479 1181 1541 1214 ΑΛ
1575 1179 1628 1214 tit.
1662 1180 1705 1213 5.—
1734 1176 1757 1213 ὁ

311 1228 507 1272 κοιαίστωρ
532 1224 701 1270 ἐξουσίαν
724 1224 786 1262 ἐπὶ
808 1225 894 1268 τοὺς
917 1228 982 1271 τῆς
995 1224 1157 1281 μεγάλης
1178 1222 1314 1270 ταύτης
1336 1221 1607 1270 ἐπιδημοῦντας
1621 1222 1760 1264 πόλεως

313 1270 352 1327 ἐξ
389 1271 663 1317 οἷασὸηποτοῧν
698 1270 837 1318 χώρας,
869 1273 942 1308 εἴτε
977 1269 1118 1314 ἄνδρας
1148 1271 1220 1306 εἴτε
1256 1274 1434 1316 γυναῖκας
1464 1270 1536 1305 εἴτε
1567 1266 1762 1314 κληρικοῦς

313 1316 340 1364 ἠ’
365 1317 547 1363 μοναχοὺς
567 1314 594 1364 ἢ
615 1317 831 1363 α’σκητρίας,
856 1319 928 1353 εἴτε
946 1317 1018 1352 τῶν
1042 1315 1110 1359 ἔξω
1135 1314 1278 1351 πόλεων
1300 1313 1536 1360 συνηγόρους,
1558 1313 1594 1350 εἰ
1614 1313 1675 1349 καὶ
1695 1311 1760 1350 ἄλ.-

314 1367 380 1408 λης
407 1361 558 1398 οΐασοῦν
584 1363 693 1408 τύχης
713 1375 750 1398 τε
776 1363 839 1398 καὶ
862 1360 990 1406 ἀξίας,
1022 1361 1086 1397 καὶ
1106 1359 1407 1407 περιεργάζεσθαι
1428 1361 1522 1400 τίνες
1542 1371 1581 1394 τε
1602 1357 1677 1394 εἷεν
1699 1357 1764 1394 καὶ

313 1409 438 1444 πόθεν
460 1407 587 1453 ἥκοιεν
608 1410 681 1454 καὶ,
693 1404 755 1443 ἐπὶ
777 1409 866 1456 ποίᾳ
889 1405 1083 1451 προφάσει.
1130 1407 1225 1452 plura
1255 1406 1468 1461 persequitur
1489 1405 1570 1440 illud
1592 1410 1696 1459 caput
1719 1404 1764 1439 ad

314 1466 443 1490 moram
475 1455 660 1489 alienorum
693 1455 729 1488 in
762 1455 846 1489 urbe
879 1453 1068 1493 faciendam
1101 1456 1298 1499 spectantia.
1355 1451 1548 1486 consulatur
1575 1450 1664 1486 lans
1693 1451 1764 1485 GR

316 1505 398 1536 tom.
421 1501 445 1535 2
466 1512 502 1546 p.
526 1501 571 1536 87
592 1502 638 1535 90
662 1505 697 1533 et
718 1500 775 1536 99.

408 1574 456 1609 ib.
478 1584 513 1610 v.
540 1575 596 1608 10.
619 1568 639 1606 ὁ
661 1568 774 1616 μέγας
795 1567 1066 1616 διερμηνευτής]
1090 1579 1177 1615 quae
1198 1568 1260 1604 sibi
1279 1568 1486 1614 praestiterit
1498 1567 1613 1604 officia
1626 1577 1766 1612 magnus

313 1619 508 1666 interpres,
531 1617 759 1665 Luitprandns
783 1618 816 1653 in
838 1629 900 1652 sua
921 1616 1111 1662 Legatione
1133 1614 1301 1650 edisserit.

428 1694 516 1734 ibid.
557 1689 795 1746 δραγόμενοι
821 1692 899 1730 sive
919 1688 1165 1744 δραγομοῖνοι
1191 1691 1412 1740 interpretes
1441 1688 1648 1741 linguarum
1681 1700 1769 1727 exo-

315 1750 474 1789 ticarum
487 1778 499 1801 ,
528 1749 655 1799 quales
692 1751 731 1787 in
772 1749 864 1787 aulis
903 1748 1028 1797 magni
1067 1759 1175 1798 reges
1214 1746 1375 1796 habent,
1421 1749 1464 1783 ut
1496 1746 1771 1797 peregrinarum

316 1807 485 1857 gentium
507 1806 709 1856 legationes
729 1806 1027 1855 interpretentur.
1056 1807 1115 1841 est
1145 1816 1189 1841 ex
1216 1802 1416 1840 Chaldaico
1439 1802 1627 1851 thargum,
1653 1803 1771 1838 meta-

317 1864 414 1900 thesi
439 1863 638 1912 primarum
660 1862 867 1911 literarum,
897 1860 999 1910 quod
1015 1864 1080 1903 2est
1117 1860 1502 1910 interpretamentum3
1530 1862 1570 1894 et
1596 1861 1774 1906 metargen

317 1931 386 1957 seu
414 1923 597 1967 turgeman
627 1919 871 1968 interpretes,
904 1915 1200 1967 δραγομανίζειν
1231 1915 1468 1964 interpretem
1495 1925 1615 1962 agere.
1644 1912 1773 1949 hodie-

320 1986 394 2023 que
428 1974 491 2022 qui
527 1973 607 2011 loca
643 1986 747 2011 sacra
775 1973 1006 2010 Palaestinae
1031 1972 1212 2019 lustrant,
1245 1982 1333 2007 suos
1362 1970 1581 2019 interpretes
1612 1967 1773 2005 ‹ll-ussel-

319 2042 476 2068 mannos
494 2032 638 2066 vocant.

436 2106 482 2144 ib.
511 2118 545 2143 v.
580 2107 640 2145 17.
668 2105 745 2142 sive
765 2105 811 2142 de
837 2102 961 2154 armis]
991 2103 1044 2139 ita
1061 2101 1301 2152 vertendum,
1331 2114 1407 2139 non
1424 2105 1468 2139 ut
1491 2100 1618 2139 Iunius
1636 2099 1774 2149 ubique

324 2162 367 2201 de
394 2162 574 2209 curribus,
604 2161 691 2209 quia
714 2161 865 2198 Graecis
886 2157 992 2209 ἅρμα
1012 2156 1183 2209 ἅρματος
1206 2157 1273 2197 καὶ
1297 2155 1345 2197 τοὶ
1366 2155 1517 2209 ἅρματα
1544 2170 1645 2194 arma
1671 2160 1775 2206 sunt,

325 2223 369 2256 ut
391 2217 515 2255 multis
535 2216 708 2266 exemplis
734 2217 870 2254 docent
896 2214 1080 2264 Rigaltius
1107 2218 1146 2251 et
1171 2214 1354 2251 Meursius
1378 2214 1416 2250 in
1440 2212 1647 2251 Glossariis.
1689 2212 1774 2250 hinc

327 2270 682 2326 ἆρμαμενταρεῖον,
713 2267 1044 2323 ἄρμαμενταρεῖα,
1072 2265 1322 2322 ἅρματώριον
1346 2270 1671 2316 armamentarium,
1704 2263 1776 2320 ἄρ-

329 2326 447 2383 μάτοι
479 2331 628 2376 armati,
658 2324 903 2393 ἆρματοῦροιι
929 2331 1151 2374 armaturae,
1182 2321 1408 2377 ἆρματοῠν,
1438 2321 1684 2377 ἅρματοᾶνειν
1713 2336 1776 2361 ar-

328 2399 436 2424 mare.
465 2385 553 2434 quin
568 2389 606 2422 et
623 2383 753 2422 vocula
773 2379 968 2437 οἷρμαριον
988 2386 1026 2419 et
1045 2378 1202 2435 ἅρμάρη
1224 2386 1399 2432 utuntur,
1429 2381 1531 2430 quod
1548 2383 1608 2418 est
1626 2391 1777 2432 promp-

327 2442 488 2480 tuarium
508 2453 574 2478 seu
593 2443 781 2492 ταμιεῖον.

424 2523 510 2559 ibid.
537 2518 719 2565 κοῦρσων]
753 2517 918 2562 πραῖὃαν
940 2521 1039 2551 vocat
1061 2517 1132 2551 Leo
1162 2517 1198 2551 in
1226 2516 1376 2552 Tacticis
1398 2516 1548 2563 pluribus
1570 2513 1705 2552 constit.
1732 2514 1776 2549 17

332 2567 438 2613 locis,
461 2567 667 2602 incursiones
689 2565 849 2600 videlicet
872 2569 907 2598 et
929 2563 1222 2608 depraedationes.

444 2656 480 2693 p.
508 2641 560 2683 41
591 2655 624 2679 v.
653 2643 690 2682 6.
741 2638 1029 2691 protonotarius]
1077 2638 1135 2675 hic
1158 2638 1360 2689 palatinum
1397 2636 1556 2674 officium
1583 2633 1779 2684 significat,

331 2698 616 2736 ecclesiasticum
641 2709 728 2734 vero
757 2696 796 2733 in
822 2695 984 2733 secunda
1010 2695 1172 2745 pentade
1194 2694 1399 2732 officialium
1421 2703 1576 2741 magnae
1594 2689 1780 2727 ecclesiae.

332 2758 488 2803 uterque
517 2754 641 2806 plures
659 2753 728 2790 sub
762 2765 803 2790 se
832 2751 992 2789 habebat
1020 2751 1204 2799 notarios,
1237 2750 1299 2799 qui
1331 2749 1415 2787 olim
1454 2745 1686 2785 celebrabant
1726 2742 1780 2786 25

332 2810 508 2849 Octobris
539 2811 675 2848 festum
712 2809 770 2846 SS
814 2812 1014 2858 martyrum
1042 2805 1218 2845 Marciani
1252 2813 1291 2844 et
1318 2804 1495 2858 Martyri‚
1524 2815 1641 2852 quos,
1670 2804 1712 2838 ut
1735 2811 1780 2836 ex
