1820 3178
573 169 634 212 IN
665 168 860 213 CODINI
896 169 1005 218 CAP.
1044 171 1081 216 Ι.
1475 169 1569 218 149

128 290 226 330 quem
252 275 302 316 aa
328 277 572 329 patriarcham
602 279 659 316 vel
676 282 868 331 episcopum
885 293 948 332 per
971 280 1155 319 secundum
1177 281 1359 319 ostiarium
1382 281 1571 320 intromissi

121 335 281 387 fuerint,
299 337 340 371 ut
361 333 463 371 libere
481 337 516 370 et
531 335 701 384 intrqn'de
720 338 851 387 optima
859 336 938 388 fide
955 336 1103 375 dicerent
1125 337 1248 388 quibus
1270 336 1566 386 suffragarentur,

126 390 250 442 quibus
267 401 335 428 mm
354 389 656 440 suffragarentur,
682 395 717 429 et
737 405 853 442 quare.
908 392 1000 430 Imnc
1029 396 1239 432 secretiorem
1269 393 1465 442 singularis
1486 407 1567 444 χει-

124 445 307 515 ροτονίας
343 445 476 492 locum,
505 447 642 496 opinor,
675 447 840 486 dramni
875 448 1007 487 Graeci
1025 451 1223 488 recentiores
1245 445 1566 500 μονοβοὲμβυλον,

123 498 232 554 παραὶ
253 499 297 542 τό
317 497 464 553 μόνους
483 497 512 553 ἢ
539 516 637 542 κατα
660 498 786 554 μόνας
808 500 1049 556 βαμβᾰλειν,
1083 518 1120 544 eo
1140 506 1232 556 quod
1254 507 1293 543 in
1310 505 1383 543 loco
1401 505 1570 544 eiusmodi

121 561 269 608 rogatus
290 559 434 609 quisque
451 569 514 607 pro
522 557 583 608 fid
583 571 600 594 e
622 571 762 597 seorsim
781 563 982 599 sententiam
1004 574 1103 600 suam
1124 565 1295 599 teneretur
1318 563 1478 612 quamvis
1493 565 1565 599 tre-

115 614 204 666 pide
219 616 420 662 enuntiare,
443 615 477 650 si
497 626 593 664 quem
620 628 687 653 non
717 628 787 653 esse
816 611 1083 668 ἀνεπίληπτον
1112 620 1322 668 οοηιρεηζιιεΐ
1345 617 1448 668 (haec
1473 630 1563 656 emm

121 672 317 708 testimonia
340 674 374 708 et
392 672 629 708 accusationes
653 673 792 710 nonnas-i
809 673 939 722 trepide
959 677 992 711 et
1010 673 1120 711 labris
1131 673 1244 723 serme
1266 673 1485 711 trementibus
1506 674 1564 724 ef·-

112 726 211 778 ferri
232 725 375 775 solent),
420 729 485 763 aut
519 730 608 763 certe
637 727 744 764 alteri
773 729 961 779 obstrepere
991 732 1025 766 et
1055 729 1233 767 detrahere
1247 729 1288 766 de
1307 731 1561 767 existimatione

118 784 240 833 ιῬιίιιι.
295 786 346 819 est
369 794 458 820 emm
483 777 700 833 βαμβᾶλειν
718 783 864 822 Graecis
886 787 1041 834 ψοφεῖν
1066 789 1148 831 τοῖς
1169 785 1329 836 χείλεσι,
1349 788 1415 822 aut
1441 786 1559 833 ettam,

115 839 214 876 utin
242 837 421 876 Glossario
452 837 619 886 legimus,
657 838 852 888 haesitare,
882 840 1074 889 vacillare,
1102 841 1275 879 titubare:
1305 840 1365 878 sed
1386 842 1425 878 in
1447 841 1560 878 locum

115 895 190 934 τοῦ
206 908 232 933 α
248 893 362 932 dorice
382 908 408 932 v
429 893 609 942 suffectum
631 898 702 942 est,
730 899 764 933 et
786 891 1094 948 μονοβιὲμβυλον
1112 901 1271 948 corrupte
1289 896 1435 934 dictum.
1467 897 1559 945 quid

75 994 78 997 Α
114 953 174 987 est
202 950 351 999 nugari,
386 949 418 987 si
443 949 513 987 hoc
537 961 614 987 non
642 949 728 987 est?
762 954 804 988 ut
831 952 927 989 enim
946 952 1113 990 omittam
1133 953 1347 990 vanissimas
1370 965 1487 1002 nugas
1509 953 1558 989 de

113 1005 377 1056 suffragatione
405 1008 444 1043 et
468 1004 668 1056 electione,
708 1009 894 1055 quomodo
919 1009 1069 1046 admissi
1088 1013 1176 1046 sunt
1193 1013 1236 1046 ut
1256 1008 1367 1045 libere
1384 1013 1423 1046 et
1440 1009 1556 1045 intre-

112 1062 199 1111 pide
219 1062 424 1099 indicarent
447 1061 580 1110 quibus
603 1062 912 1113 suffragarentur,
944 1066 975 1101 si
1003 1066 1111 1114 haec,
1136 1068 1178 1102 ut
1199 1067 1332 1114 postea
1356 1065 1431 1114 ait,
1459 1077 1555 1101 non-

111 1118 182 1155 nisi
211 1111 343 1170 trepide
374 1122 414 1156 et
440 1117 551 1155 labris
581 1121 802 1157 trementibus
825 1121 947 1157 efferri
976 1121 1119 1170 solent,
1148 1124 1186 1158 et
1213 1122 1245 1158 si
1272 1121 1310 1157 in
1329 1120 1384 1157 his
1406 1132 1556 1157 necesse

108 1177 168 1212 est
196 1171 433 1227 βαμβᾶλειν,
469 1173 641 1212 haesitare
665 1177 703 1212 et
725 1177 935 1227 fluctuare?
989 1178 1056 1214 sed
1089 1148 1208 1215 v⁷aleat
1238 1176 1420 1214 bambalio
1460 1177 1552 1213 iste:

109 1243 178 1268 nos
211 1230 375 1280 legamus
409 1225 712 1281 μονᾶμπουλλον
754 1244 820 1268 seu
848 1228 1143 1282 μονάμπουλον.
1210 1237 1253 1270 ut
1290 1233 1386 1269 enim
1418 1232 1552 1280 prioris

107 1286 246 1324 ostiarii
271 1290 330 1323 est
349 1286 447 1323 fores
475 1287 660 1325 custodire
688 1287 782 1324 dum
808 1289 964 1326 ministri
1002 1289 1193 1339 ecclesiae,
1232 1289 1375 1325 diaconi
1400 1288 1552 1325 subdia-

107 1342 189 1381 coni
211 1342 419 1380 sacerdotes
441 1342 627 1394 episcopi,
659 1343 875 1382 ordinantur
902 1348 941 1382 et
959 1345 1170 1394 initiantur,
1199 1345 1253 1381 ita
1271 1345 1378 1382 huius
1398 1344 1551 1380 secundi

107 1398 247 1436 ostiarii
276 1402 333 1436 est
371 1402 496 1435 tenere
524 1398 720 1447 ampullam
751 1413 862 1437 unam
882 1404 920 1437 et
943 1401 1081 1450 solam,
1113 1405 1155 1438 ut
1176 1401 1424 1449 distinguatur
1441 1412 1464 1436 a
1492 1399 1548 1436 di-

106 1454 300 1504 bampulo‚
334 1454 382 1490 de
406 1466 480 1502 quo
509 1454 604 1491 infra
633 1456 682 1491 ad
710 1468 746 1503 p.
774 1456 828 1496 44
852 1457 916 1496 10.
971 1461 1051 1494 erat
1080 1460 1200 1493 autem
1228 1457 1266 1492 in
1295 1455 1455 1504 ampulla
1479 1455 1549 1491 hac

105 1511 261 1548 chrisma
282 1510 331 1547 ad
348 1510 557 1547 unctionem
578 1512 808 1547 sacerdotum
825 1516 864 1548 et
882 1511 1136 1560 episcoporum
1155 1512 1415 1559 necessarium,
1447 1523 1548 1547 eam<

106 1579 178 1615 que
194 1565 346 1604 tenebat
363 1566 434 1602 iste
458 1566 627 1602 ostiarius
642 1593 654 1614 ,
680 1570 724 1602 ut
755 1567 796 1603 in.
819 1571 994 1615 promptu
1021 1568 1147 1604 statim
1171 1568 1288 1615 foret,
1323 1567 1355 1602 si
1381 1565 1546 1602 initiator

102 1625 327 1671 reposceret.
378 1633 489 1669 porro
518 1620 682 1658 voculam
706 1622 862 1671 ampulla
881 1623 990 1659 etiam
1008 1622 1140 1660 Graeci
1162 1623 1326 1659 fecerunt
1344 1634 1447 1658 suam
1467 1618 1546 1672 ἅμ-

102 1680 235 1718 novi-a
258 1676 317 1714 vel
346 1673 564 1725 ἅμπουλλα.
637 1675 766 1714 Aetius
792 1677 814 1714 l.
843 1681 886 1718 7:
931 1675 1161 1725 α’μπουλλαν
1197 1677 1360 1728 υελίνην
1390 1673 1545 1729 πλήσας

101 1733 254 1781 ἐλαίου,
292 1736 335 1769 ut
370 1732 420 1769 sit
445 1743 514 1770 cur
544 1745 594 1770 eo
614 1732 735 1770 minus
763 1733 902 1770 mireris
935 1730 978 1774 τὸ
999 1730 1281 1787 μονάμβουλον
1302 1732 1372 1773 καὶ
1400 1748 1442 1773 το
1479 1733 1542 1774 δι·-

100 1786 346 1842 βάμπουλον.

216 1853 261 1887 ,6
285 1864 317 1887 v.
335 1854 366 1887 1.
391 1851 626 1894 Patrnerchae,
650 1850 735 1885 sicut
749 1853 784 1885 et
796 1852 1004 1897 nnperatori
1029 1853 1242 1899 praefertur
1231 1864 1318 1897 ignis
1334 1852 1367 1886 in
1383 1852 1539 1896 ecclesia,

100 1899 158 1932 fax
174 1898 322 1932 nimirum
336 1908 478 1931 accema
491 1898 608 1931 hastae
622 1907 720 1941 quam
736 1902 874 1931 ornatae
889 1899 1005 1933 affixa.
1052 1903 1193 1932 vocatur
1206 1899 1263 1932 illa
1277 1895 1540 1942 μονάμπουλον

99 1939 164 1977 διὰ
179 1940 222 1977 τὸ
245 1941 365 1997 μόνην
386 1941 533 1977 ἅπτεινι
560 1942 650 1976 aliud
676 1942 747 1975 eius
768 1954 887 1977 nomen
911 1949 964 1978 est
986 1942 1165 1988 λαμπρόν.
1211 1943 1404 1988 imperatori
1425 1953 1539 1976 reser-

99 1993 200 2022 vatur
218 1986 483 2032 διβάμπουλον.
530 1988 572 2022 de
587 1992 731 2031 utroque
746 1988 851 2022 fusius
868 2001 896 2024 c.
916 1989 986 2023 15
976 2001 1010 2023 ιιι
1034 1990 1131 2023 notis.
1177 1989 1315 2023 consule
1331 1988 1537 2023 Balsamonis

98 2033 296 2067 Meditatum
321 2033 364 2067 de
385 2033 645 2078 patriarcharum
673 2033 857 2078 privilegiis
888 2035 977 2068 Iuris
1013 2035 1080 2068 GR
1104 2035 1126 2069 l.
1150 2034 1182 2069 7.
1227 2046 1330 2089 porro
1357 2033 1536 2067 secundum

98 2079 186 2113 huno
201 2079 371 2113 ostiarium
381 2079 522 2132 proprio
538 2079 668 2112 nomine
683 2083 810 2112 vocant
832 2079 997 2113 Allatiana
1017 2090 1366 2136 περιεισερχομενονι
1390 2076 1410 2114 6
1434 2090 1537 2123 περι-

97 2120 360 2168 εισερχόμενος,
380 2121 562 2168 inquiunt,¹·
579 2123 642 2157 ἵνα
660 2121 755 2169 φέρῃ
774 2122 939 2169 λαμπρὸν
963 2122 1014 2165 εἰς
1036 2124 1104 2169 τὴν
1125 2121 1330 2170 ἐκκλησίαν.

205 2193 289 2231 ilud.
323 2191 434 2230 Nunc
452 2194 499 2230 ad
511 2197 755 2242 protopapam
771 2206 829 2231 me
843 2194 1010 2241 confer03
1031 2206 1138 2243 quem
1159 2195 1211 2232 sic
1230 2194 1403 2232 describit
1417 2194 1531 2232 Codi-
1556 2199 1583 2233 P
1612 2198 1675 2234 172

83 2261 184 2316 νιιιιεε
208 2247 362 2295 ἔκδικος
387 2247 454 2288 καὶ
469 2263 622 2300 πρωτος
646 2252 716 2288 τοῦ
726 2246 924 2300 βήματος,
940 2249 1007 2289 καὶ
1026 2249 1159 2303 φέρων
1177 2248 1225 2289 τοὶ
1243 2252 1438 2301 δευτερεῖα
1462 2252 1535 2289 τοῦ

97 2301 304 2356 ἀρχιερέως
321 2303 474 2354 defensor
494 2308 527 2341 et
544 2306 677 2355 primus
694 2305 880 2343 tribunalis
902 2305 972 2355 (sic
988 2307 1084 2343 enim
1105 2306 1246 2343 lunius:
1274 2320 1344 2355 ego
1365 2306 1531 2343 taberna-

95 2361 170 2398 culi
194 2373 259 2397 seu
282 2359 425 2396 altaris:
459 2360 569 2410 βῆμα
593 2360 687 2397 enim
711 2360 772 2398 hie
791 2365 849 2399 est
876 2361 975 2399 locus
1004 2363 1152 2398 interior
1180 2366 1218 2398 et
1246 2362 1426 2409 sanctior,
1466 2360 1530 2396 ubi

92 2417 305 2454 sacrificium
318 2415 541 2465 peragitur),
571 2418 750 2465 proximas
767 2432 792 2456 a
805 2419 966 2469 pontifice
985 2419 1146 2456 obtinens.
1206 2430 1280 2453 non
1302 2421 1422 2452 tamen
1442 2416 1528 2452 sim-

93 2471 233 2520 pliciter
251 2471 355 2523 (nam
372 2470 611 2508 exocatacoeli
628 2471 767 2521 absque
785 2473 896 2510 dubio
920 2474 1081 2523 potiores
1105 2476 1210 2509 erant
1235 2472 1452 2518 maiorisque
1472 2471 1528 2507 ‹li-

92 2529 245 2578 gnitatis
271 2531 310 2564 et
337 2526 590 2577 excellentiae)
628 2529 695 2565 sed
722 2529 816 2567 inter
845 2530 1075 2577 sacerdotes,
1112 2533 1154 2564 nt
1186 2527 1323 2563 Citrins
1352 2527 1527 2574 loquitur,

91 2581 255 2630 κοινούς
284 2586 493 2632 protopapa
518 2583 655 2631 primus
680 2588 760 2622 erat
788 2588 826 2622 et
852 2585 904 2622 sic
932 2584 1116 2633 proximus
1143 2596 1166 2620 a
1192 2582 1418 2632 patriarcha,
1445 2595 1524 2631 seu,

93 2640 194 2688 quod
211 2639 309 2693 idem
329 2642 408 2689 est,
437 2639 616 2676 secundus
635 2651 658 2676 a
675 2640 879 2688 patriarcha
888 2641 1020 2677 serenS.

181 2713 265 2747 ibid.
312 2713 445 2747 Clarius
465 2712 652 2747 Allatiaua.
685 2711 706 2748 6
725 2714 975 2757 πρωτοπαπᾶς
997 2712 1138 2746 tommo
1168 2706 1292 2745 ἐπάνω
1314 2712 1386 2746 τῶν
1407 2709 1521 2753 ὄφφι-

92 2757 181 2792 κίων
212 2758 279 2793 τοῦ
313 2755 500 2814 εὐωνύμου
525 2759 662 2838 χοροῦ,
691 2755 781 2795 ὅταν
812 2760 1014 2812 λειτουργεῑ
1041 2755 1061 2812 6
1097 2754 1294 2812 ἀρχιερεύς.
1337 2757 1522 2810 μεταδίδει

93 2799 204 2844 αὐτὸς
222 2799 290 2848 τὴν
311 2801 420 2850 ἁγίαν
449 2815 537 2849 μετα
540 2805 652 2849 ληψιν
681 2805 735 2851 τῷ
763 2802 941 2850 ἀρχιερεῖ,
971 2800 1102 2847 ὁμοίως
1127 2800 1189 2835 καὶ
1212 2798 1232 2835 6
1260 2798 1446 2847 ἀρχιερεὺς
1471 2802 1523 2835 us
