1864 3164
291 199 389 247 342
493 201 768 246 GRETSERI
793 204 866 246 ET
891 201 1063 246 GOARI
1090 202 1526 248 COMMENTARIUS

290 307 400 344 stituit
421 307 579 352 idoneos,
603 309 690 343 unde
712 307 929 354 imperatorio
951 308 1105 343 convivio
1129 319 1191 354 pro
1214 301 1310 344 se'et
1330 309 1372 344 iis
1393 309 1452 356 qui
1473 312 1548 344 toto
1571 309 1651 344 unni
1674 309 1736 344 de-

289 364 389 388 cursu
410 353 652 397 invitarentur,
673 354 877 389 sufficientes
901 358 936 388 et
958 354 1047 388 iuste
1069 354 1158 399 parti
1183 357 1340 400 sumptus*
1362 355 1628 402 suppeditarent.
1653 366 1736 401 pro-

291 399 344 432 cul
367 399 479 444 itaque
502 404 577 434 erut
599 412 619 435 a
650 399 876 433 custodiendis
908 399 1036 433 bellicis
1067 400 1317 444 instrumentis,
1346 405 1386 434 ut
1417 400 1591 445 Xylander
1620 406 1656 434 et
1681 400 1736 435 ulii

290 448 368 480 sunt
387 446 534 491 opinatig
559 448 624 479 nec
644 443 835 486 κουρᾶτωρ
865 445 940 478 τῶν
971 443 1188 489 μαγγῶνυν,
1217 456 1315 490 quem
1347 457 1421 483 cum
1451 446 1524 481 ullis
1553 446 1588 480 in
1617 445 1738 483 Isaacii

291 491 462 524 Comneno
486 491 638 524 Zonaras
661 496 696 524 et
719 490 941 536 curopalates
964 496 1141 532 memorat,
1175 490 1259 524 elius
1292 494 1366 526 erat
1392 502 1498 536 *quam
1528 491 1586 536 qui
1619 492 1737 526 domus

287 535 427 570 huiusce
450 540 486 569 et.
508 535 673 570 redituum
696 535 767 569 eius
791 546 904 571 curam
927 535 1077 571 haberet.
1101 535 1217 570 turrim
1239 535 1314 571 sive
1357 537 1620 582 ropuguaculum
1643 537 1738 582 ponit

287 587 383 615 extra
409 582 525 614 urbem
548 581 582 614 in
606 580 849 625 mangenarum
871 581 1008 626 planiae
1038 581 1294 615 Cantacuzeuus
1325 547 1356 616 ἕ
1378 583 1446 624 72,
1476 592 1619 626 eamque
1650 583 1736 616 adeo

287 626 446 660 munitam
468 637 498 660 c.
523 628 569 660 80
591 631 626 660 et
648 628 692 661 87
716 626 863 660 affirmat
884 630 923 660 ut
945 627 1060 661 urbem
1085 626 1143 660 ΟΡ
1171 627 1226 661 vel
1249 627 1340 661 tueri
1361 626 1416 661 vel
1441 638 1636 673 oppugnare
1657 638 1738 673 pos-

289 678 351 705 set.
375 671 608 705 monasterium
629 671 697 706 illic
721 671 787 707 loci
810 673 997 706 construxit
1020 672 1260 707 Monomacbus
1275 672 1529 716 Constantinus,
1549 672 1739 718 legiturque

290 717 380 761 apud
412 716 600 753 cedrenum
633 716 795 760 κείμενος
826 713 866 752 ἐν
899 717 947 763 τῇ
978 714 1063 760 παρ’
1098 714 1214 752 αὐτοῦ
1243 729 1375 763 νεουργ
1401 717 1508 764 θείσῃ
1539 719 1636 764 μονῇ
1665 718 1738 752 τῶν

289 759 503 805 Μαγγάνων
524 761 765 808 subditur-que:
788 761 852 796 καὶ
877 758 898 796 ὅ
924 759 991 807 μὲν
1014 759 1178 810 βασιλεὺς
1210 759 1366 799 ἄποθαν
1397 775 1420 799 ν
1449 758 1491 799 ἐν
1520 765 1599 804 τοῖς
1628 764 1738 808 Moty-

291 805 418 852 γάνοις
439 808 559 852 ταφῆς
583 805 683 853 ἔτυχε
706 809 770 852 τῆς
791 805 980 853 τυχούσης.

292 922 347 964 21
379 878 441 960 dp.
461 868 512 962 ἰδὲ
531 879 567 931 Χ.
593 870 628 909 6.
658 868 793 908 festum
813 866 1049 907 Constantini
1067 870 1099 906 et
1122 867 1252 908 Helene
1267 868 1380 921 impp.
1400 866 1588 908 celebrant
1607 866 1738 906 Graeci

405 934 438 961 ie
509 936 565 962 au.

383 986 468 1023 ibid.
510 987 764 1024 Constantinum
795 998 861 1022 uon
889 990 1037 1023 sanctum
1060 985 1160 1022 modo
1183 986 1243 1025 sed
1274 990 1310 1022 et
1339 974 1581 1023 ἰσαπόστολον
1611 977 1739 1022 Graeci

293 1031 489 1077 praedicant
514 1034 557 1068 ob
581 1041 802 1080 propagatam
835 1040 871 1069 et
902 1033 1072 1068 defemam
1104 1032 1176 1067 eius
1205 1033 1317 1068 studio
1348 1033 1458 1069 fidem.
1491 1033 1648 1079 tempium
1667 1033 1740 1069 *SS.

297 1078 464 1121 Apostolis
484 1077 519 1112 in
542 1084 686 1125 utraque
709 1081 815 1114 Roma
839 1079 1037 1114 aedificasse
1059 1083 1198 1112 cunetae
1229 1078 1410 1124 loquuntur
1432 1077 1614 1120 historiae,
1647 1082 1684 1112 et
1704 1078 1741 1112 iu

293 1123 473 1158 eorundem
503 1124 613 1159 limine
649 1135 782 1171 capsam
812 1124 1085 1171 porphyreticam
1117 1125 1301 1160 Romanam
1329 1123 1437 1165 eidem
1465 1123 1500 1159 iu
1530 1123 1740 1170 sepulchrum

294 1178 513 1256 nomez-zum&
542 1220 580 1260 8.
607 1218 766 1258 natalem
792 1218 881 1256 diem
903 1217 947 1256 S.
970 1217 1113 1256 loannis
1125 1218 1298 1268 baptistae
1310 1217 1449 1256 obeunt
1466 1216 1599 1255 Graeci
1616 1196 1741 1255 uobis-

294 1284 377 1310 cum
396 1270 450 1312 24
469 1273 528 1310 die
546 1274 650 1312 Iunii.
705 1275 918 1313 monasterii
945 1275 1002 1312 cui
1029 1273 1142 1312 Petra
1164 1286 1320 1324 nomen,
1348 1274 1513 1313 meminit
1538 1274 1740 1313 Cantacuz.

296 1329 323 1369 3
342 1326 408 1368 35.

385 1381 431 1415 ib.
453 1391 488 1415 v.
503 1381 537 1415 9.
571 1380 676 1416 Petra
707 1392 826 1415 nomen
857 1382 1069 1416 monasterio.
1101 1377 1196 1424 μονὴ
1226 1391 1347 1423 προσα
1371 1377 1570 1425 ορευομὲνη
1601 1378 1741 1425 Πέτρα,

295 1424 413 1459 scribit
441 1425 696 1460 Cantacuzenus
727 1427 750 1462 3
782 1427 839 1463 35.
873 1425 974 1460 aedes
1006 1425 1064 1459 illa
1094 1434 1190 1459 sacru
1211 1423 1329 1458 Basilii
1387 1424 1543 1469 acedouis
1566 1436 1650 1479 opus
1677 1431 1741 1468 est,

295 1470 339 1504 de
362 1481 426 1515 quo
451 1470 643 1505 Cedrenus:
674 1470 738 1505 καὶ
759 1469 844 1512 τοὺς
869 1469 937 1505 δύο
962 1470 1028 1504 τοῦ
1075 1470 1252 1504 απτιστοῦ
1274 1465 1407 1514 σηκοὺς
1429 1467 1469 1503 ἔν
1491 1480 1529 1504 τε
1553 1481 1597 1515 τῃ
1622 1470 1740 1513 Στρο-

297 1513 396 1561 βήλῳ
421 1514 485 1549 καὶ
508 1517 829 1559 Mansuram-arg,
851 1517 920 1551 τοῦ
940 1513 1006 1560 μὲν
1041 1513 1300 1560 ανῳιιοδόμησε
1334 1510 1376 1549 τὰ
1407 1516 1598 1559 πλεῖστον,
1628 1512 1671 1549 τὸ
1698 1512 1743 1549 δὲ

296 1557 339 1595 ἐκ
364 1560 520 1607 βάθρων
543 1558 744 1606 ἀνήγειρεν.
785 1563 920 1596 Petram
944 1572 1027 1595 vero
1058 1561 1102 1594 ad
1133 1559 1388 1602 monasterium,
1420 1560 1472 1594 cui
1495 1571 1614 1595 nomen
1636 1560 1745 1606 impo-

298 1608 368 1648 nit,
392 1607 488 1641 sitam
511 1605 714 1653 στροβήλου
736 1607 881 1653 figuram
904 1608 1032 1642 referre
1054 1606 1170 1642 vident
1192 1605 1250 1651 qui
1283 1605 1383 1640 etium
1413 1605 1514 1640 bodie
1545 1605 1604 1640 ΟΡ
1637 1605 1743 1641 oculis

295 1652 573 1688 circumlustrant.

161 1710 187 1741 Ρ
210 1706 279 1743 249
408 1701 455 1738 ib.
484 1714 517 1740 v,
551 1704 612 1743 12.
654 1702 755 1752 apud
785 1701 945 1740 Graecos
975 1699 1183 1753 trigesimus
1214 1698 1292 1737 dies
1319 1697 1412 1736 Iunii
1442 1697 1609 1738 omnibus
1636 1698 1743 1738 simul

298 1756 476 1808 apostolis
507 1758 648 1796 dicatus
675 1762 743 1797 est.

390 1822 475 1857 ibid.
521 1822 564 1857 de
596 1822 831 1868 Apostolorum
864 1821 955 1856 festo
995 1819 1172 1856 solemnius
1211 1819 1271 1854 ΟΡ
1303 1818 1471 1853 celebrato
1507 1818 1592 1853 haec
1623 1817 1745 1853 Theo-

300 1867 450 1912 phanes:
488 1868 628 1912 Φῆστος
648 1863 879 1912 συγκλητικὸς
896 1864 1039 1912 “Ρῶμης
1068 1862 1283 1904 ἀποσταλεὶς
1307 1861 1400 1907 πρὸς
1427 1861 1657 1899 Ἀναστοίσιον
1678 1861 1744 1898 διά

299 1925 403 1951 τινας
417 1912 538 1956 χρείας
558 1910 747 1952 πολιτικὰς
765 1910 831 1952 τὰς
851 1910 994 1958 μνήμας
1018 1913 1090 1947 τῶν
1111 1908 1227 1956 ἁγίων
1259 1907 1473 1944 ἀποστόλων
1505 1909 1650 1953 Πέτρου
1680 1907 1745 1943 ’καὶ

301 1956 453 2036 Παύλου
485 1959 828 2003 πανηγυρικώτερον
864 1956 1109 1994 ἐπιτελεῖσθαι
1138 1953 1311 2003 ᾐτήσατο.
1343 1952 1365 1990 ὃ
1396 1954 1460 1990 καὶ
1485 1957 1620 1999 κρατεῖ
1639 1951 1744 1999 μέχρι

298 2015 346 2037 κα
385 2015 463 2037 νυν.

306 2055 315 2059 “
409 2052 454 2088 ib.
485 2063 516 2088 v.
546 2051 606 2092 15.
643 2053 779 2090 festum
798 2050 1129 2099 transfigurationis
1147 2052 1266 2098 agunt
1281 2047 1412 2086 Graeci
1432 2049 1458 2087 6
1476 2045 1649 2097 Augusti.
1704 2047 1745 2086 in

297 2107 519 2153 monasterio
542 2106 815 2144 Pantocratoris
842 2106 1008 2156 sepultus
1033 2109 1091 2142 est
1115 2104 1263 2142 Manuel
1293 2105 1505 2141 comnenus
1532 2104 1745 2155 imperator,

298 2165 342 2199 ut
355 2162 482 2199 scribit
501 2162 652 2200 Nicetas
673 2164 722 2200 ad
733 2163 874 2200 -calcem
891 2162 972 2199 libri
990 2164 1016 2201 7
1038 2161 1084 2198 de
1101 2161 1211 2198 rebus
1228 2159 1487 2198 Emmanuelis.

388 2238 435 2272 ib.
459 2249 490 2272 v.
510 2239 562 2272 16.
587 2238 716 2271 Irenem
743 2237 920 2270 Andronici
941 2235 1081 2270 senioris
1106 2247 1243 2270 uxorem
1266 2235 1301 2270 in
1323 2236 1386 2269 hoc
1408 2235 1609 2270 monasterio
1631 2235 1744 2280 sepul-

299 2287 368 2317 tam
391 2287 507 2317 narrat
530 2285 703 2328 Gregoras
725 2285 747 2319 7
773 2284 826 2317 16.
849 2282 1065 2326 regnantibus
1088 2281 1122 2315 in
1154 2282 1295 2316 Oriente
1326 2281 1467 2315 Francis
1500 2277 1546 2316 τοὶ
1577 2281 1650 2315 τῶν
1672 2283 1747 2314 Λα-

298 2329 409 2364 τίνων
436 2328 600 2375 βασίλεια
635 2326 658 2374 ἡ
683 2329 748 2362 τοῦ
771 2325 1069 2371 παντοκράτορος
1100 2325 1238 2372 ὑπῆρχε
1273 2324 1393 2372 μονή,
1418 2326 1537 2361 scribit
1558 2326 1643 2360 idem
1666 2326 1689 2360 4
1712 2325 1747 2360 4.

300 2374 427 2418 regiam
452 2375 655 2420 sepulturam
679 2374 819 2408 dederat
842 2374 934 2418 prius
960 2373 1108 2407 Manueli
1133 2374 1321 2413 Comneno‚
1355 2380 1393 2406 ut
1416 2376 1534 2406 auctor
1565 2376 1618 2406 est
1639 2371 1747 2404 Nice-

301 2426 355 2453 tas
382 2420 415 2454 in
439 2420 510 2453 eius
537 2420 616 2456 vita.
639 2432 660 2454 a
689 2419 812 2454 Basilio
837 2419 1023 2452 Macedone
1057 2419 1161 2474 primo
1195 2423 1422 2452 constructum
1447 2421 1483 2451 et
1511 2427 1620 2451 annuo
1643 2427 1746 2450 censu

302 2465 404 2500 fuisse
427 2466 584 2500 donatum
608 2470 725 2500 auctor
748 2470 800 2499 est
823 2464 1015 2498 Cedrenus=
1047 2462 1213 2508 ανήγειρε
1246 2461 1287 2498 δὲ
1319 2462 1430 2508 (ναὸν
1461 2462 1660 2504 Βασίλειος)
1683 2460 1747 2495 καὶ

302 2507 344 2544 ἐκ
367 2512 496 2555 καινῆς
518 2509 557 2545 ἐν
578 2514 660 2551 ταῖς
685 2509 874 2557 βασιλείοις
898 2507 1026 2548 αὐλαῖς
1051 2507 1103 2549 εἰς
1133 2506 1250 2553 ὄνομα
1283 2509 1350 2543 τοῦ
1373 2506 1553 2543 δεσπότου
1584 2507 1747 2551 σωτῆρος

303 2557 474 2598 Χριστοῦ.
512 2565 546 2591 et
578 2557 682 2590 infra:
718 2553 781 2591 καὶ
815 2552 948 2595 ἄλλους
978 2552 1018 2588 δὲ
1050 2551 1206 2594 πολλοὺς
1234 2555 1362 2594 θείους
1392 2550 1510 2595 ναοὺς
1543 2548 1646 2592 ἐντὸς
1679 2551 1747 2586 τοῦ

303 2602 483 2636 παλατίου
503 2598 706 2647 ἔδομήσατο
732 2599 783 2641 εἰς
803 2598 920 2645 ὄνομα
940 2601 1007 2634 τοῦ
1032 2601 1192 2644 σωτῆρος
1214 2599 1384 2644 Χριστοῦ.

414 2661 459 2698 ib.
488 2673 520 2697 v.
553 2662 615 2701 18.
656 2661 715 2698 die
739 2660 785 2700 15
805 2658 964 2710 Augusti
984 2663 1100 2709 agunt
1118 2659 1244 2703 Latini
1262 2673 1344 2698 cum
1364 2658 1514 2697 Graecis
1535 2657 1746 2707 assumptio-

305 2727 380 2752 nem
405 2716 438 2752 d.
459 2719 623 2765 virginis.
681 2716 834 2765 Graeci,
870 2721 912 2753 ut
931 2719 1087 2765 apparet
1110 2729 1154 2753 ex
1172 2717 1334 2755 Menaeis
1355 2719 1396 2753 et
1414 2712 1654 2762 Menologiis,
1681 2725 1748 2749 vo-

305 2774 392 2808 cant
414 2771 485 2809 hoc
503 2773 638 2810 festum
657 2774 839 2823 κοίμησιν
857 2774 926 2822 τῆς
946 2772 1170 2824 ὑπεραγίας
1180 2773 1388 2822 δεσποίνης
1406 2769 1523 2822 ’ἡμῶν
1540 2764 1748 2807 &tottinw-

304 2830 343 2864 et
363 2827 433 2866 hoc
452 2828 560 2866 titulo
589 2833 735 2867 exstant
764 2833 911 2880 patrum
937 2829 1121 2866 orationes
1145 2829 1181 2866 in
1211 2829 1281 2866 hoc
1305 2829 1460 2876 festum,
1495 2828 1538 2863 ut
1556 2825 1590 2862 b.
1612 2826 1748 2861 Dama-
