1820 3178
334 183 426 230 188
537 184 812 229 GRETSERI
829 185 902 229 ET
929 185 1103 230 GOARI
1123 187 1558 232 COMMENTARIUS

439 295 515 341 Qui
533 299 757 347 sequuntur,
785 294 1006 336 domesticus
1021 306 1171 337 mensae
1195 301 1235 336 et
1257 298 1463 351 praefectus
1479 311 1653 351 mensae,
1678 299 1771 339 satis

323 351 404 389 noti
430 355 528 390 sunt.

418 426 452 459 p.
466 416 490 450 9
512 427 547 451 v.
570 416 630 450 21.
662 416 908 462 praefecturam
932 428 975 452 ac
997 416 1173 463 primatum
1196 427 1298 463 super
1320 417 1466 453 eiusdem
1485 418 1610 455 ordinis
1624 419 1772 464 reliquos

326 465 461 495 constat
484 473 528 495 ex
550 460 649 496 dictis
671 461 824 507 superius
845 461 1065 497 domesticum
1094 463 1220 499 sortiri.
1265 474 1332 508 qua
1364 463 1407 498 de
1437 475 1539 499 causa
1569 465 1770 500 domesticus

324 517 481 550 mensae,
516 510 551 540 et
579 510 618 540 ut
653 508 829 552 Gregoras
853 508 874 542 8
901 509 923 544 7
950 509 1071 550 habet,
1104 505 1124 543 ὁ
1156 509 1224 544 τοῦ
1256 508 1471 552 ὃομεστίκου
1503 510 1571 555 τῆς
1590 507 1770 555 τραπέζης

322 552 388 595 τῆς
422 552 610 597 βασιλικῆς
642 550 903 597 σεμνυνόμενος
933 550 1137 600 ἐπικλήσει,
1171 555 1364 588 censebitur
1392 555 1422 589 is
1445 565 1543 606 quem
1563 555 1770 590 Pancirollus

321 597 358 631 in
381 597 528 631 notitiam
550 598 684 642 Imperii
708 599 906 633 Occidentis
934 612 964 633 c.
990 599 1035 635 44
1058 605 1261 635 castrensem
1283 600 1372 634 sacri
1401 600 1520 646 palatii
1554 605 1679 645 vocat,
1711 601 1770 646 qui

320 653 467 676 mensam
495 643 654 689 principis
677 650 711 678 et
733 650 840 679 totum
864 645 1022 690 palatium
1053 650 1168 687 curat,
1203 657 1300 690 quem
1333 657 1393 680 nos
1429 658 1596 692 magnum
1627 647 1768 691 hospitii

319 691 550 733 magistrum,
585 689 702 734 regiae
726 701 860 724 mensae
882 691 1103 726 structoribus
1126 692 1353 738 praepositum
1376 702 1417 726 ac
1437 691 1473 726 in
1496 697 1647 728 caeteros
1669 696 1767 727 aulae

321 735 439 779 regiae
462 734 628 769 ministros
652 736 704 769 ius
727 742 956 779 exercentem,
978 737 1209 782 conspicimus.

408 803 441 837 p.
467 794 510 827 10
533 803 567 825 v.
595 793 626 827 1.
652 788 672 826 ὁ
697 787 757 827 ἐπὶ
780 792 845 837 τῆς
866 789 1058 838 τραπέζης]
1083 793 1141 838 qui
1162 790 1437 838 τραπεζοποιός,
1457 804 1591 828 mensae
1614 795 1764 828 structo-

321 847 392 870 rem
427 849 468 871 ac
497 836 709 883 dapiferum,
742 834 808 872 τὸν
834 839 899 882 τῆς
927 836 1045 882 πάσης
1076 836 1159 881 περὶ
1191 836 1371 881 συμπόσια
1391 839 1623 884 παρασκευῆς
1643 835 1764 883 ἐπιμε-

319 879 520 926 λούμενον,
557 894 599 916 ex
622 884 794 927 Hesychio
814 883 1042 928 intelligimus;
1079 884 1170 918 cuius
1194 884 1299 918 officii
1320 884 1442 927 titulo,
1463 885 1530 919 iam
1553 896 1575 918 a
1593 885 1764 919 Constan-

315 928 376 961 tini
400 928 626 975 temporibus,
652 929 797 964 Russiae
823 929 1004 975 principem
1027 930 1060 963 in
1084 929 1295 975 imperatoris
1319 930 1444 975 palatio
1467 929 1618 974 gavisum
1642 934 1763 965 auctor

318 979 373 1006 est
398 975 570 1018 Gregoras
594 975 617 1010 Ι.
643 976 676 1010 7.
725 980 760 1009 at
782 979 875 1009 certe
897 987 981 1008 unus
1004 979 1057 1009 est
1079 975 1176 1009 testis
1199 975 1257 1009 ubi
1280 975 1350 1009 ait=
1374 972 1394 1008 ὃ
1419 971 1461 1009 δὲ
1482 971 1656 1016 Ῥωσικός
1675 973 1759 1021 ἡγε-

314 1015 394 1063 μών
425 1017 493 1063 τήν
524 1031 563 1053 τε
596 1017 722 1054 στάσιν
752 1019 816 1054 καὶ
849 1017 890 1055 τὸ
924 1017 1066 1064 ἀξίωμα
1098 1021 1165 1055 τοῦ
1198 1016 1259 1054 ἐπὶ
1280 1020 1345 1065 τῆς
1366 1017 1545 1066 τραπέζης
1565 1018 1670 1067 παρὰ
1693 1021 1762 1056 τοῦ

320 1061 479 1110 μεγάλου
503 1063 728 1110 κεκλήρωται
748 1066 1041 1100 Κωνσταντίνου.

173 1130 202 1164 Ρ
229 1131 292 1166 191
427 1137 464 1175 p.
489 1125 539 1164 10
557 1136 592 1161 v.
613 1127 648 1164 2.
686 1124 847 1174 Magnus
869 1124 1038 1175 pappias]
1068 1124 1224 1176 pappias
1243 1123 1412 1163 absolute
1434 1128 1562 1175 pater,
1584 1128 1644 1163 est
1661 1124 1760 1163 idem

313 1181 415 1230 qnod
437 1176 571 1227 πάντας
600 1193 665 1218 seu
695 1178 871 1228 πάπποις.
906 1180 1091 1218 Palladius
1117 1181 1155 1218 in
1179 1179 1360 1220 Lansiaca
1385 1181 1552 1220 Historia
1573 1182 1613 1220 in
1641 1179 1759 1219 Paulo

310 1236 494 1288 Simplici:
523 1235 590 1276 καὶ
611 1233 803 1284 δύνοντος
821 1239 892 1275 τοῦ
916 1235 1032 1287 ἡλίου
1051 1235 1151 1290 λέγει
1181 1233 1291 1292 αὐτῷ
1315 1237 1339 1278 ὁ
1365 1232 1598 1287 Ἀντώνιος,
1625 1238 1757 1278 aazia

306 1294 413 1345 (nam
444 1297 483 1330 et
513 1293 666 1343 simplici
691 1307 722 1332 π
749 1292 936 1343 scribitur)
966 1293 1096 1340 θέλεις
1123 1288 1314 1346 φάγωμεν
1343 1290 1464 1345 ἄρτου
1491 1290 1667 1347 κλάσμα,
1695 1293 1756 1332 hic

308 1362 444 1389 nomen
462 1349 647 1400 palatinae
671 1349 861 1399 dignitatis
882 1354 959 1399 est,
987 1350 1034 1386 de
1052 1362 1126 1399 qua
1149 1350 1314 1387 Codinus
1333 1351 1429 1389 infra
1446 1364 1476 1388 c-
1500 1351 1537 1391 5.

398 1413 689 1449 Abblandientium
728 1417 764 1448 et
801 1413 1054 1448 balbutientium
1105 1425 1302 1458 puerorum,
1352 1418 1467 1460 patres
1516 1417 1552 1448 et
1601 1413 1752 1448 seniores

306 1459 564 1506 appellantium,
598 1471 666 1493 vox
698 1464 749 1493 est
778 1459 957 1498 παππίας.
1005 1459 1200 1493 Eustathius
1230 1459 1265 1493 in
1297 1459 1422 1494 Iliados
1455 1460 1497 1494 5:
1538 1455 1634 1494 κατὰ
1669 1456 1751 1505 βρέ-

302 1517 400 1549 φους
428 1502 686 1549 προσφώνησιν
719 1502 783 1538 καὶ
814 1501 908 1538 κατὰ
946 1500 1284 1548 ἀναδιπλασιασμόν
1335 1503 1482 1549 λέγομεν
1518 1502 1645 1544 πᾶπας
1684 1502 1750 1539 καὶ

303 1550 464 1595 παπίας,
487 1548 602 1595 πάτερ
619 1550 767 1584 nimirum
786 1549 874 1584 vice.
898 1550 955 1584 ille
986 1551 1165 1584 monachus
1188 1551 1276 1595 apud
1303 1550 1488 1585 Palladium
1518 1550 1554 1584 in
1579 1549 1752 1584 Lausiacis

302 1597 439 1631 blande:
464 1596 609 1641 παπία,
642 1592 764 1635 θέλεις
788 1593 960 1639 φάγωμεν
985 1590 1100 1637 ἄρτου
1123 1593 1285 1640 κλάσμας
1311 1601 1348 1629 et
1365 1596 1422 1629 ille
1442 1595 1546 1630 alius:
1569 1594 1607 1630 τί
1626 1597 1753 1635 λυπεῖς

301 1642 365 1676 καὶ
388 1639 608 1686 ἆὸημονεῖς,
632 1640 772 1684 παπία;
807 1653 827 1675 a
849 1640 989 1687 privatis
1013 1640 1166 1675 domibus
1194 1646 1230 1675 et
1262 1641 1396 1675 familiis
1417 1640 1514 1676 aulae
1538 1642 1596 1675 GP
1618 1641 1751 1675 reddita

301 1687 475 1723 familiaris
498 1699 566 1721 vox
590 1686 690 1720 fidum
713 1692 749 1720 et
771 1687 934 1720 seniorem
958 1685 1126 1730 significat
1148 1686 1354 1727 ministrum,
1377 1686 1470 1720 cuius
1493 1686 1662 1720 custodiae
1687 1697 1749 1731 pa-

300 1733 419 1768 latium
443 1733 706 1767 committeretur
729 1737 763 1766 et
792 1731 979 1776 integritati
1002 1732 1114 1766 claves
1145 1737 1246 1766 noctu
1270 1732 1481 1766 traderentur
1511 1731 1746 1766 asservandae.

301 1779 353 1813 ita
376 1790 429 1812 me
451 1783 565 1813 monet
589 1777 760 1822 Georgius
792 1778 950 1812 Coresius
981 1776 1016 1810 in
1043 1778 1236 1821 rescriptis;
1269 1789 1334 1812 nec
1366 1782 1493 1811 temere
1526 1782 1586 1811 aut
1606 1777 1748 1821 ignare:

304 1824 518 1859 Constantini
541 1835 684 1868 namque
707 1823 873 1858 Manassis
897 1823 1098 1857 auctoritate
1130 1823 1276 1860 fulcitur.
1323 1819 1416 1864 πρὸς
1441 1820 1507 1857 τὸν
1536 1823 1609 1856 τῶν
1632 1822 1745 1856 οἴκων

332 1868 449 1903 ύλακα
472 1870 544 1904 τῶν
568 1865 607 1903 ἒν
632 1872 710 1908 τοῖς
731 1866 963 1912 ἀνακτόροις,
985 1867 1127 1902 παπίαν
1143 1865 1291 1912 λέγομεν
1311 1864 1423 1902 αὐτὸν
1437 1865 1531 1902 κατὰ
1551 1864 1744 1912 Ῥωμαίων

298 1916 474 1960 γλῶσσαν.
522 1914 617 1949 addit
644 1915 801 1948 Coresius
835 1914 921 1948 idem
954 1914 1050 1946 aulae
1072 1913 1200 1947 clericis
1226 1913 1445 1958 palatinisque
1469 1913 1618 1947 ecclesiis
1639 1913 1742 1946 fuisse

297 1960 549 2005 praepositum,
572 1971 612 1994 ac
635 1964 842 2004 protopapae
865 1959 1210 2003 (archipresbyterum
1232 1958 1397 2001 intellige)
1414 1968 1644 2003 nonnunquam
1668 1968 1742 1992 mn-

299 2017 383 2039 nere
417 2005 586 2038 donatum.
621 2004 777 2048 egregie:
811 2015 887 2037 nam
921 2009 955 2036 et
986 2015 1047 2047 pro
1083 2003 1266 2037 huiusmodi
1308 2003 1474 2036 sententia
1508 2004 1569 2037 hae
1600 2002 1741 2038 militant

299 2050 530 2085 auctoritates.
563 2049 685 2094 prima,
716 2050 831 2083 Irenes
859 2049 1004 2081 devotae
1033 2047 1255 2091 imperatricis
1287 2047 1319 2080 in
1354 2048 1440 2081 lecto
1465 2048 1547 2082 duas
1579 2047 1740 2091 imagines

298 2095 451 2141 repperit
471 2095 588 2140 impius
613 2094 733 2128 coniux
755 2094 827 2127 Leo
852 2092 1057 2136 Copronymi
1073 2093 1180 2132 filius,
1205 2092 1254 2125 ait
1277 2092 1468 2136 Cedrenus,
1491 2104 1576 2139 quas
1599 2093 1740 2149 inquisi-

298 2142 392 2175 tione
425 2141 516 2174 facta
550 2132 654 2180 εὗρεν
688 2135 746 2174 ὅτι
784 2135 803 2172 ὅ
838 2137 979 2177 παπίας
1011 2138 1078 2171 τοῦ
1108 2137 1288 2171 παλατίου
1318 2135 1536 2183 εἰσεκόμισεν
1558 2135 1694 2184 αὐτας,
1716 2151 1739 2174 a

298 2187 421 2221 clerico
445 2186 560 2230 utique
583 2185 681 2218 fidem
706 2190 741 2218 et
757 2184 877 2217 cultum
901 2182 1099 2227 imaginibus
1122 2188 1300 2225 servante;
1330 2184 1459 2225 altera,
1493 2184 1599 2219 Leoni
1621 2186 1738 2219 Arme-

297 2232 356 2266 nio
381 2243 493 2266 necem
516 2230 638 2266 illaturi
662 2229 835 2263 Michaelis
864 2229 961 2262 Balbi
985 2229 1088 2269 socii,
1121 2229 1328 2263 sacerdotum
1352 2230 1525 2263 ornatibus
1559 2230 1739 2276 assumptis

295 2278 519 2322 simulataque
539 2275 710 2320 religionis
733 2275 865 2320 specie,
890 2275 984 2308 simul
1008 2285 1082 2308 cum
1115 2274 1272 2320 palatinis
1305 2275 1436 2309 clericis
1465 2276 1642 2310 matutinas
1661 2276 1738 2311 lau-

295 2325 356 2357 des
378 2323 412 2357 in
437 2323 557 2368 palatio
581 2320 808 2356 decantaturis
832 2319 962 2354 admissi
996 2324 1093 2354 sunt:
1130 2322 1176 2364 τῇ
1204 2318 1307 2355 νυκτὶ
1342 2318 1601 2365 ὁπλισθέντες,
1631 2317 1736 2356 ἔνδο-

292 2371 365 2404 θεν
387 2366 434 2402 τὰ
457 2368 519 2412 ξίφ
565 2367 783 2411 φοροῦντες,
806 2366 874 2399 τοῦ
896 2364 1037 2399 παπίου
1068 2361 1305 2409 ἀνοίξαντος,
1340 2363 1388 2405 ὥς
1418 2363 1458 2400 οἱ
1484 2363 1612 2410 ἷερεῖς,
1642 2363 1735 2411 μετὰ

292 2414 481 2458 φελωνίων
505 2380 691 2457 samam.
723 2411 841 2457 papias
863 2411 996 2455 itaque,
1030 2422 1092 2444 ceu
1116 2423 1174 2446 eos
1198 2412 1375 2445 admittere
1397 2411 1533 2452 solitus,
1555 2423 1596 2446 ex
1620 2423 1733 2447 eorum

291 2471 428 2495 numero
452 2460 519 2494 suit
540 2470 634 2493 unus.
660 2462 696 2492 at
727 2469 799 2491 cum
829 2456 951 2502 papiae
983 2456 1146 2500 dignitate
1179 2457 1324 2503 promoti
1356 2457 1465 2501 (quod
1494 2458 1590 2491 nefas
1623 2458 1733 2492 eccle-

290 2506 458 2548 siasticis,
496 2510 534 2539 ut
556 2504 679 2550 optime
701 2503 835 2537 disserit
854 2505 948 2536 Anna
971 2501 1158 2545 Conmena)
1191 2503 1281 2536 acies
1305 2502 1480 2536 eduxerint
1500 2502 1536 2536 in
1558 2503 1671 2536 hostes
1697 2507 1732 2536 et

290 2554 488 2596 frequenter
511 2561 585 2585 cum
608 2550 658 2584 eis
681 2559 795 2584 manus
819 2547 1065 2590 conseruerint,
1097 2550 1224 2583 frustra
1247 2548 1336 2581 clero
1361 2547 1578 2582 coniiciuntur
1596 2547 1730 2588 allecti;
1766 2585 1775 2593 ,

290 2597 372 2640 quin
394 2608 415 2630 a
439 2597 527 2630 clero
552 2607 686 2641 quoque
708 2593 807 2629 alieni
828 2604 941 2627 sacras
963 2593 1124 2637 imagines
1143 2594 1270 2627 inferre
1294 2598 1329 2627 et
1351 2593 1465 2637 palatii
1489 2598 1607 2638 portas
1630 2593 1731 2626 cleri-

289 2643 359 2684 cis,
385 2653 451 2676 non
474 2642 610 2687 segnius
633 2652 730 2686 quam
752 2639 839 2685 ipsi,
863 2649 1016 2672 reserare
1040 2644 1230 2685 potuerunt.
1277 2639 1417 2672 clericus
1441 2638 1554 2682 itaque
1568 2638 1639 2672 sive
1656 2640 1729 2672 fue-

289 2687 337 2721 rit
359 2698 417 2720 seu
441 2687 540 2722 etiam
563 2685 783 2722 ecclesiastici
808 2683 932 2719 ordinis
955 2695 1069 2719 exsors
1093 2695 1325 2728 nonnunquam
1339 2709 1349 2724 ‚
1376 2684 1490 2717 claves
1513 2683 1628 2727 palatii
1641 2688 1729 2717 teste

288 2732 403 2766 Leone
427 2734 654 2767 Grammatico
677 2743 756 2767 suae
781 2731 859 2765 fidei
883 2731 1127 2766 commendatas
1149 2730 1268 2765 tenuit.
1314 2731 1377 2763 hoc
1399 2729 1472 2762 eius
1494 2729 1598 2762 verba
1611 2729 1725 2762 decla-

288 2782 368 2812 rant
389 2777 423 2811 in
446 2779 571 2813 Basilio
594 2778 798 2813 Macedone:
839 2774 860 2813 ὁ
889 2771 1128 2819 Ἀρτάβασδος
1155 2771 1359 2819 εἰσδραμών
1390 2770 1482 2816 πρὸς
1502 2770 1568 2808 τὸν
1584 2773 1726 2808 παπίαν

288 2821 352 2858 καὶ
373 2820 468 2868 ἄρας
489 2821 553 2858 ἀπ’
581 2821 696 2860 αὐτοῦ
718 2821 783 2866 τὰς
803 2823 897 2864 κλεῖς
919 2819 1045 2866 βιαίως
1065 2819 1189 2867 ἤνοιξε
1221 2821 1273 2867 τῷ
1303 2819 1495 2866 Βασιλείῳ·
1531 2817 1595 2854 καὶ
1624 2816 1725 2864 ’γενό-
