1820 3178
565 169 623 212 IN
649 168 844 213 CODINI
871 167 986 212 cAP.
1014 166 1070 212 11.
1430 165 1527 211 207

93 293 131 331 p.
162 279 239 322 123
266 281 307 317 et
331 275 424 323 234.
479 277 666 329 Xylander
707 279 747 318 in
782 278 881 317 notis
906 277 956 316 ad
981 277 1191 318 cedrenum
1227 287 1326 315 num.
1361 277 1439 317 196
1473 276 1531 314 in-

91 347 213 386 genue
250 335 388 374 fatetur
428 346 470 373 se
513 336 653 373 nescire
687 336 776 385 quid
811 335 863 373 sit
897 334 1046 374 moles·
1074 334 1243 385 dignitas.
1298 331 1529 384 Nicephorus

92 391 278 443 Gregoras
312 389 375 428 lib.
414 393 464 432 7:
501 395 578 429 erat
615 395 688 429 tum
721 395 930 443 procurator
955 393 1167 441 negotiorum
1194 391 1334 440 imperii
1358 391 1416 426 vir
1438 401 1530 440 pru-

89 445 172 494 dens
193 450 229 485 et
267 447 309 485 ob
342 445 552 485 industriam
588 451 621 484 et
655 447 864 498 reipublicae
901 446 1075 497 gerendae
1110 447 1290 484 seientiam
1329 444 1534 497 imperatori

89 514 213 551 carus,
258 499 350 541 unde
385 505 420 540 et
449 506 658 541 aucton'tate
691 505 723 540 et
763 503 881 553 opibus
914 502 1087 553 pollebat,
1130 499 1346 553 Nicephorus
1386 498 1532 538 caniclii

83 557 297 610 praefectus.
349 561 383 603 is
407 557 545 596 blandis
571 558 778 596 sermonibus
805 563 838 596 et
865 559 1033 610 obsequiis
1062 557 1204 596 lenitate
1215 559 1432 608 imperatoris
1449 569 1531 594 con-

88 613 214 652 aliato
235 615 329 665 peut
354 617 389 651 et
415 617 544 665 accipit
570 626 733 664 generum
750 613 872 665 filium
899 616 973 652 eius
998 613 1180 665 Ioannem,
1213 612 1420 662 indignante
1448 614 1529 663 arti-

86 669 162 708 den
189 673 223 708 et
249 669 452 721 refragante
479 673 715 721 imperatrice,
755 669 815 708 sed
851 674 967 709 tamen
991 672 1134 721 accipit.
1189 669 1237 706 de
1262 669 1392 707 eodem
1417 667 1528 708 Nice-

87 724 206 776 phoro
243 724 390 763 caniclei
425 725 611 777 praefecto
647 727 928 765 Cantacuzenns
972 728 989 765 1
1027 725 1099 768 14:
1140 725 1183 764 de
1219 730 1341 762 senatu
1365 725 1529 777 palatino

81 778 280 833 praeteritet
302 780 449 819 aderant
474 794 626 832 magnus
651 782 825 832 logotheta
855 780 1083 829 Metocbites,
1115 783 1216 820 cuim
1242 784 1347 818 antea
1374 783 1529 820 memim'-

85 848 180 885 mus,
219 841 254 875 et
283 835 500 888 Nicephmus
527 840 591 890 qui
614 837 765 876 canicleo
786 842 950 889 praeerat
977 842 1010 875 et
1035 837 1116 876 vehi
1139 837 1286 884 solebat,
1325 836 1530 875 admirabili

85 894 258 944 sapientia
284 893 490 945 consilioque
521 893 725 944 praeditus,
763 897 796 932 et
824 894 868 931 ab
896 896 1100 944 imperatore
1127 892 1358 931 benevolentia
1385 892 1527 930 honore-

84 961 149 998 que
173 949 353 998 singulari
372 948 564 998 dignatus,
592 952 647 988 ita
677 954 718 987 ut
746 953 851 987 etiam
867 947 1000 987 Irenem
1018 950 1140 1001 filiam
1169 951 1243 987 eius
1259 946 1386 986 Ioanni
1403 949 1523 998 despo-

83 1007 141 1042 tae
165 1003 251 1054 filio
275 1017 338 1042 suo
365 1006 496 1056 nuptiis
533 1008 766 1055 coniungeret.
824 1005 880 1043 hic
917 1003 1133 1056 Nicephorus
1165 1007 1267 1055 prius
1304 1006 1523 1054 imperatoris

82 1059 267 1098 domestica
302 1060 596 1099 administrabat:
638 1065 713 1099 turn
753 1064 870 1100 autem
902 1060 1068 1112 podagra
1095 1062 1317 1112 conflictatus
1338 1059 1525 1109 functione

80 1114 146 1154 itta
172 1115 320 1154 abierat.
376 1116 598 1155 nibilominus
630 1129 758 1155 summo
784 1129 862 1155 earn
887 1115 1011 1154 bonore
1037 1119 1223 1167 imperator
1243 1115 1523 1167 prosequebatur.

188 1189 245 1230 Ex
271 1191 342 1231 hoc
368 1195 408 1230 et
427 1193 614 1244 praedicto
642 1193 831 1244 Gregorae
856 1192 938 1231 loco
964 1193 1136 1244 intelligis
1164 1204 1279 1243 quare
1314 1193 1523 1243 praefectus

81 1247 227 1286 caniclei
257 1261 410 1287 consocer
437 1249 666 1300 imperatoris
692 1249 959 1301 appellaretur3
988 1250 1076 1299 quia
1106 1253 1210 1287 tanta
1237 1253 1317 1286 erat
1344 1249 1434 1287 haec
1462 1250 1519 1286 di-

80 1304 226 1355 gnitas,
272 1307 316 1342 ut
341 1305 548 1357 praefectus
576 1305 723 1343 caniclei
744 1310 872 1356 posset
893 1305 968 1344 filio
996 1318 1064 1344 suo
1091 1306 1288 1356 impetrare
1315 1304 1424 1342 filiam
1450 1305 1519 1343 im—

79 1359 260 1411 peratoris
287 1363 327 1398 et
352 1360 445 1398 filiae
471 1361 592 1399 filium,
649 1361 734 1400 hine
771 1361 1067 1412 συμπένθεροςε
1103 1374 1188 1398 nam
1226 1361 1434 1412 praefectus
1457 1373 1520 1399 ca-

79 1415 183 1453 niclei
210 1428 234 1454 a
259 1415 331 1454 filia
355 1416 605 1467 imperatoris,
633 1418 665 1455 si
693 1421 810 1467 nupta
837 1418 910 1456 filio
939 1421 1059 1467 esset,
1086 1417 1287 1455 vocabatur
1313 1429 1439 1466 socer,
1480 1421 1521 1454 et

78 1471 276 1523 imperator
301 1484 325 1509 a
350 1471 424 1509 filia
450 1473 624 1523 praefecti
651 1473 797 1511 caniciei
837 1486 951 1511 socer.
1008 1473 1106 1510 idem
1133 1474 1270 1510 sactum
1299 1473 1447 1521 quando
1475 1473 1520 1511 fi-

2 1567 6 1574 ,
78 1525 149 1565 lius
173 1527 405 1579 imperatoris
433 1528 471 1565 in
498 1529 728 1567 matrimonio
757 1528 916 1567 habebat
941 1528 1051 1567 filiam
1078 1529 1252 1579 praefecti
1281 1528 1451 1566 canicleo.

187 1603 292 1643 Idem
320 1604 600 1643 Cantacuzenus
627 1605 652 1645 4
677 1606 751 1646 40:
796 1605 1028 1655 Palaeologus
1050 1607 1241 1657 praesidem
1270 1607 1420 1644 caniciei
1444 1606 1522 1644 An-

76 1659 191 1710 gelum
215 1659 369 1709 legatum
396 1663 516 1699 mittit.
572 1661 722 1699 Nicotas
748 1661 948 1699 Choniates
979 1661 1039 1699 lib.
1064 1663 1085 1702 1
1114 1661 1283 1699 derebus
1303 1661 1418 1712 gestis
1438 1661 1521 1698 Ma-

76 1715 193 1753 nuelis
221 1715 420 1766 comneni,
451 1717 497 1754 de
517 1717 717 1767 Styppiota
735 1729 867 1767 agens:
896 1717 1033 1756 tandem
1060 1717 1108 1755 ad
1129 1717 1278 1755 caniclei
1295 1718 1520 1768 magnificum

75 1784 200 1810 munus
226 1774 260 1809 et
287 1773 445 1809 intimam
477 1775 582 1810 etiam
614 1775 828 1823 imperatoris
853 1772 1140 1823 familiaritatem
1178 1776 1368 1824 promotum
1401 1775 1519 1822 magis

74 1829 179 1865 etiam
207 1826 347 1869 extulit.
376 1827 470 1864 hanc
500 1831 622 1865 tamen
644 1832 786 1867 tantam
807 1829 1023 1879 dignitatem
1047 1842 1114 1866 sua
1138 1829 1350 1879 granditate
1370 1829 1519 1866 inferio-

73 1895 151 1920 rem
169 1883 274 1919 duxit
294 1882 561 1921 Constantinus
579 1884 886 1934 Mesopotamita,
914 1890 956 1922 ut
976 1884 1068 1922 libro
1087 1886 1115 1924 2
1139 1885 1187 1922 de
1204 1883 1333 1923 Alexio
1357 1884 1517 1922 Comnc-

72 1951 123 1976 no
137 1938 263 1976 scribit
278 1938 374 1975 idem
392 1938 561 1978 Nicetas:
590 1940 738 1978 caniclei
758 1940 936 1991 officium,
962 1941 1105 1990 inquit,
1140 1940 1230 1991 quod
1255 1939 1379 1978 Isaaco
1405 1943 1517 1990 impe-

72 1999 173 2032 rante
197 1994 413 2040 obtinuerat,
438 1998 471 2032 ci
496 2009 615 2033 rursus
637 1995 863 2045 offerebatur,
892 2000 932 2033 ut
957 2010 1018 2032 suo
1041 1995 1199 2045 fastigio
1219 1996 1371 2047 insen'us
1386 1999 1514 2033 renuit.

74 2049 255 2100 Georgius
283 2049 474 2100 logotheta
502 2051 715 2102 Acropolita
748 2052 786 2089 in
817 2051 987 2090 chronico
1021 2052 1243 2102 cpolitano,
1280 2063 1355 2089 non
1388 2051 1515 2102 procul

72 2118 97 2144 a
119 2105 209 2143 fine:
237 2107 332 2142 ntisit
352 2108 535 2157 imperator
554 2107 602 2144 ad
620 2120 733 2157 regem
757 2107 906 2145 Siciliae
925 2112 1107 2159 apostatae
1132 2119 1293 2157 generum
1316 2120 1376 2158 per
1402 2106 1515 2145 Nic-e-

69 2160 214 2211 phorum
239 2160 446 2206 cornicleurm
484 2162 546 2199 nbi
571 2163 651 2212 ipsc
673 2162 832 2201 canicleo
860 2164 1068 2215 praefectus
1093 2163 1267 2202 canicleus
1292 2162 1514 2215 appellatur,

72 2219 167 2254 utet
184 2216 222 2253 in
235 2215 484 2266 disputatione
509 2217 699 2267 Gregentii
719 2220 962 2259 κανικλείων.

182 2291 338 2330 Duravit
356 2293 445 2330 haec
464 2294 624 2343 dignitas
645 2295 694 2332 ad
716 2295 856 2345 imperii
876 2295 1063 2346 Cpolitani
1087 2299 1250 2334 extrema
1274 2306 1392 2343 usquc
1421 2298 1512 2332 tom-

70 2361 173 2399 pora.
229 2347 469 2398 palaeologus
489 2351 587 2400 apud
611 2349 815 2388 Phranzem
833 2355 859 2392 2
881 2356 952 2394 17:
980 2352 1071 2390 duxi
1096 2365 1162 2401 ego
1189 2363 1327 2388 uxorem
1346 2350 1516 2387 Helenam

62 2404 183 2455 filiam
198 2404 317 2442 Ata-ii
336 2403 540 2453 palaeologi
554 2405 841 2456 Exemplaconis,
863 2410 925 2457 qui
944 2407 1096 2445 canicleo
1110 2410 1282 2456 praeerat.
1321 2405 1358 2441 in
1386 2405 1514 2455 ‹lispu-

71 2460 212 2497 tatione
226 2459 416 2509 Gregentii
430 2460 648 2510 imperator:
674 2461 794 2500 Erbae
811 2475 876 2500 seu
896 2463 1073 2501 Herbano
1087 2463 1252 2512 patrinus
1266 2473 1326 2498 seu
1339 2466 1513 2510 susceptor

69 2516 108 2553 in
121 2515 290 2566 baptimo
305 2515 433 2566 factus
452 2515 579 2554 Leonis
596 2529 716 2555 nomen
730 2520 913 2568 imposuit,
943 2522 975 2556 et
994 2517 1279 2569 bypecclesionem
1300 2514 1513 2565 (ὖπεκκλη-

71 2571 199 2620 σίονα)
227 2582 303 2608 eum
319 2570 430 2620 fecit,
475 2583 571 2621 quem
596 2571 750 2611 Romani
779 2576 971 2623 patricium
1004 2579 1036 2611 et
1065 2571 1287 2610 caniclionem
1319 2570 1513 2620 appellant.

70 2630 191 2664 exstat
210 2626 299 2663 haec
316 2626 518 2675 disputatio
537 2631 563 2664 t.
592 2627 619 2667 4
638 2627 808 2666 Biblioth.
842 2628 1013 2673 Patrnun,
1043 2628 1143 2664 cuius
1173 2626 1360 2663 occasione
1384 2626 1510 2664 Meur-

70 2681 146 2719 sius
173 2683 272 2720 varia
301 2681 580 2731 philosophatur
609 2682 646 2719 in
673 2695 740 2721 suo
766 2682 900 2722 chico
925 2698 957 2720 v.
990 2683 1213 2731 [Ιατρίκιος.
1253 2680 1406 2719 observa
1434 2695 1510 2720 nou

71 2749 214 2774 omnem
236 2738 425 2787 patricium
453 2738 564 2774 fuisse
586 2738 840 2789 canidionem,
875 2740 969 2777 sicut
1008 2738 1096 2774 haec
1118 2736 1320 2786 disputatio
1341 2736 1509 2787 Gregen-

70 2791 111 2830 tii
129 2793 307 2832 affirmare
325 2793 492 2843 videtur,
521 2793 607 2843 quia
622 2806 714 2832 unus
733 2794 891 2834 canicleo
916 2794 1122 2846 praefectus
1138 2796 1238 2842 crat,
1265 2791 1369 2830 multi
1382 2796 1505 2831 autem
