1820 3178
561 214 620 257 IN
657 215 853 260 CODINI
887 216 997 259 GAP.
1030 215 1066 260 Ῑ.
1424 218 1543 265 ,159

95 333 239 369 κοντας,
261 318 327 358 ἵνα
348 318 576 361 navigamus
597 318 662 355 καὶ
683 317 878 366 εἴστήκουν
905 318 1075 358 εὔτακτοι.
1123 319 1144 357 ὃ
1169 319 1338 370 esacrae,
1361 322 1424 359 ἵνα
1448 324 1543 368 mlv]

95 366 184 408 τούς
204 366 312 411 [coste
333 363 388 406 εἰς
408 362 475 421 τὰς
505 362 628 420 αὐτῶν
658 366 874 411 δικαιώμασι
903 366 968 403 καὶ
997 366 1291 414 προσφερώμασι.
1338 367 1360 403 ὁ
1382 360 1541 418 κυυβοῦ-

94 416 182 460 unqe
202 412 266 448 ἵνα
291 411 410 460 fimo?
430 422 474 447 το
494 411 698 448 &nocrimen
719 413 787 448 τοῦ
808 410 1004 460 ἀρχιερέως
1009 439 1023 461 ‚
1044 410 1137 451 ὅταν
1158 415 1373 462 περιπατῇ]

491 725 1135 780 CAPUTXIII.

203 891 239 930 p.
257 881 286 922 6
303 891 338 919 v.
358 879 421 920 12.
454 845 511 918 In
533 891 633 918 nona
651 881 813 932 pentade
836 882 972 932 primas
995 885 1100 920 tenet
1118 880 1340 921 domesticus
1359 883 1441 922 ταῖν
1460 886 1539 923 θυ-

92 938 198 988 ραῖν,
229 937 424 990 praefectus
455 941 602 989 ianuae,
641 939 772 976 tertius
810 940 979 977 nimirum
1017 943 1202 979 ostiarius:
1243 952 1329 977 nam
1358 941 1397 977 in
1433 945 1540 979 sexto

92 994 259 1042 quinario
293 995 387 1032 duos
416 995 641 1033 enumeravit
673 995 860 1046 Cofflnus,
896 1000 936 1033 et
968 996 1106 1034 Citrius
1134 1001 1210 1033 tres
1241 997 1410 1034 ostiarios
1442 997 1541 1035 inter

90 1049 261 1088 officiales
279 1050 540 1090 ecclesiasticos
562 1051 750 1099 nominat;
788 1063 943 1100 quorum
971 1053 1102 1092 tertius
1128 1052 1187 1091 hic
1208 1053 1342 1091 forium
1362 1053 1542 1091 domesti-

90 1118 154 1144 cus
172 1118 238 1143 seu
261 1116 446 1158 praeses,1
458 1121 534 1146 uno
551 1107 663 1145 verbo
690 1109 831 1149 ianitor.

181 1181 278 1216 Sacri
310 1182 485 1218 tribunalis
523 1184 614 1218 fores
654 1181 864 1218 subdiaconis
903 1182 1149 1218 commendatas
1190 1185 1333 1218 testatur
1371 1182 1539 1217 Maximus

89 1225 124 1260 in
140 1226 296 1270 Dionysii
318 1227 362 1262 de
385 1230 467 1263 eccl.
493 1229 633 1263 Hierar.
660 1240 690 1263 c.
714 1229 754 1263 3:
797 1228 1014 1272 σημείωσαι,
1053 1228 1180 1274 inquit,
1216 1224 1273 1262 ὅτι
1306 1224 1346 1261 οἴ
1368 1226 1541 1262 διάκονοι

88 1268 172 1306 τότε
193 1270 261 1312 τὰς
281 1270 403 1317 θύρας
434 1270 553 1319 εἶχον,
586 1274 655 1308 νῦν
684 1270 727 1307 δὲ
758 1270 798 1307 οἷ
816 1272 1072 1311 ὑποδιάκονοι.
1120 1273 1327 1318 suffragatur
1349 1273 1537 1308 Thessalo-

89 1317 236 1352 nicensis
262 1320 394 1363 praesul
420 1319 575 1354 Simeon:
611 1316 785 1363 φυλάσσει
809 1316 877 1363 μὲν
900 1316 920 1353 ὃ
952 1315 1204 1359 «inofficiamus
1226 1316 1292 1359 τοὶς
1325 1315 1443 1359 πύλας
1473 1315 1542 1359 τοὶς

90 1359 214 1406 sconis,
236 1362 301 1397 ἵνα
321 1361 374 1408 μή
395 1375 451 1405 τις
472 1365 547 1399 τῶν
568 1360 730 1406 ἀναξίων
755 1361 864 1399 ἔνδον
887 1361 1050 1409 εἰσέλθῃ.
1096 1375 1169 1398 eam
1193 1363 1238 1398 ob
1253 1375 1323 1398 rem
1342 1364 1468 1398 soleam
1484 1365 1537 1398 lo-

88 1417 163 1441 cum
187 1408 228 1441 ad
254 1420 368 1443 sacras
391 1410 507 1444 altaris
532 1412 625 1444 fores
640 1410 740 1443 situm
753 1435 764 1451 ‚
794 1410 837 1444 de
853 1420 919 1454 quo
935 1419 1008 1443 cum
1025 1413 1161 1443 auctore
1177 1420 1209 1445 c.
1229 1411 1292 1452 17,
1327 1409 1540 1444 subdiaconis

86 1452 337 1499 lectoribusque
351 1466 413 1489 ceu
428 1467 489 1500 pro
514 1456 597 1489 riam
620 1455 733 1489 sedem
755 1455 1064 1489 Thessalonicensis
1079 1454 1165 1488 idem
1192 1454 1360 1498 assignat:
1381 1450 1542 1488 ὑποδια-

92 1495 227 1538 κόνους
257 1498 323 1533 καὶ
356 1497 594 1545 ἄναγνωστας
617 1501 816 1544 καθῆσθαι
832 1496 902 1545 χρὴ
927 1498 1067 1541 ἔξωθεν
1090 1500 1157 1533 τοῦ
1181 1497 1344 1544 βήματος
1366 1498 1450 1543 περὶ
1473 1496 1542 1533 τὸν

87 1541 248 1588 σωλέαν,
281 1540 323 1585 ὃς
351 1543 399 1590 δὴ
433 1546 532 1591 βῆμα
559 1547 724 1579 καλεῖται
754 1541 1007 1589 ἆναγνωστῶν.
1053 1544 1144 1577 inter
1171 1544 1398 1578 subdiaconos
1428 1549 1541 1578 autem

88 1589 145 1622 vel
159 1589 303 1623 lectores
325 1590 565 1634 antesignanus
579 1590 636 1624 ille
646 1615 657 1632 ‚
691 1590 744 1623 cui
770 1601 831 1624 ceu
847 1589 969 1635 potiori
985 1599 1097 1623 earum
1114 1589 1360 1623 commendatur
1374 1589 1542 1633 custodia,

54 1681 58 1684 ‚
91 1633 168 1668 iure
181 1636 300 1669 merito
317 1635 396 1669 mihi
411 1632 623 1680 ὃομέστικος
646 1635 719 1669 τῶν
740 1635 870 1679 θυρῶν
884 1638 1105 1679 nuncupetur.

198 1704 286 1742 ibid.
341 1704 519 1754 Sequitur
552 1703 810 1752 chartularius,
839 1704 902 1753 qui
933 1702 1045 1753 longe
1074 1703 1240 1740 diversus
1264 1715 1288 1740 a
1314 1702 1540 1754 chartophy-

85 1759 186 1806 lace3
208 1764 248 1798 et
266 1760 391 1811 inepte
422 1764 575 1799 vocatur
603 1759 867 1809 chartophylax
893 1759 1156 1808 chartularius,
1184 1762 1228 1796 ut
1254 1772 1369 1810 supra
1388 1760 1540 1797 dictum.

87 1816 227 1854 Citrius
273 1829 350 1854 non
387 1829 501 1854 unum
541 1817 609 1854 sed
656 1816 779 1867 plures
814 1815 939 1867 ponit:
985 1827 1073 1853 nam
1117 1814 1273 1852 lectores
1320 1828 1540 1853 enumerans

85 1871 241 1910 collocat
274 1872 371 1910 inter
402 1872 483 1910 illos
509 1873 814 1924 χαρτουλαρίους
846 1874 917 1923 τῆς
942 1867 1113 1923 μεγάλης
1139 1869 1327 1922 σακέλλης
1364 1870 1433 1911 καὶ
1465 1874 1542 1912 τοῦ

86 1929 422 1978 σκευοφυλακίου,
445 1929 676 1966 chartularios
702 1939 852 1976 mag-nae
880 1926 1028 1965 sacenae
1052 1931 1085 1964 et
1109 1927 1367 1978 sceuophylacii
1389 1940 1456 1965 seu
1475 1941 1540 1965 ar-

84 1985 193 2022 marii
214 1997 398 2032 vasorum,
439 1985 560 2033 inquit
586 1983 810 2021 Bonefidius.
852 1983 1041 2020 docuimus
1067 1982 1138 2020 iam
1171 1995 1285 2033 supra
1312 1996 1348 2034 p.
1385 1985 1462 2023 123
1492 1995 1539 2021 ex

84 2039 304 2077 Balsamone
341 2052 405 2077 eos
438 2041 501 2089 qui
532 2039 825 2090 chartophylaci,
867 2038 1147 2089 sceuophylaci,
1189 2051 1324 2090 magno
1354 2037 1544 2077 sacellario

87 2096 365 2133 subserviebant
393 2100 570 2145 tanquam
597 2095 823 2144 administri,
851 2094 1058 2145 appellatos
1089 2107 1171 2132 esse
1203 2095 1460 2142 chartularios,
1490 2096 1545 2132 ita

88 2155 129 2188 ut
146 2152 354 2189 chartularii
374 2152 435 2189 isti
462 2152 550 2189 nihil
574 2151 673 2190 aliud
704 2152 840 2189 fuerint
872 2163 982 2199 quam
1014 2150 1270 2202 συμμερισταὶ
1298 2153 1372 2190 τοῦ
1399 2148 1545 2197 κόπου,

87 2207 218 2245 laboris
248 2211 439 2255 consortes,
476 2212 519 2245 ut
545 2207 742 2245 Balsamon
776 2207 950 2256 loquitur.
989 2218 1057 2244 nec
1093 2208 1170 2245 scio
1211 2218 1322 2256 quam
1352 2211 1440 2258 apte
1469 2206 1542 2244 huc

88 2264 246 2311 quadret
262 2265 470 2312 registrator
482 2263 586 2301 Iunii.

196 2328 277 2366 Nec
304 2327 446 2366 Latinis
475 2329 713 2367 chartularius
739 2330 889 2380 ignotus
917 2329 1005 2366 fuit:
1034 2340 1119 2366 nam
1154 2328 1193 2365 S.
1224 2327 1427 2378 Gregorius
1462 2327 1485 2364 l.
1517 2331 1541 2368 1

86 2387 194 2436 epist.
214 2385 268 2427 75
292 2385 340 2422 ad
359 2385 551 2435 episcopos
570 2385 765 2423 Numidiae
791 2385 952 2423 scribens
984 2385 1151 2422 nominat
1177 2384 1362 2421 Hilarium
1393 2385 1541 2421 chartu-

86 2443 217 2479 larium
241 2453 362 2487 suum,
391 2442 454 2489 qui
483 2441 521 2478 in
554 2440 714 2479 Africam
744 2454 768 2479 a
805 2442 1086 2491 praedecessore
1123 2440 1161 2476 S.
1202 2439 1372 2488 Gregorii
1407 2440 1541 2476 missus

85 2498 186 2535 sedis
206 2495 442 2546 Apostolicae
468 2496 550 2534 loco
572 2509 700 2534 causas
729 2496 991 2535 ecclesiasticas
1021 2494 1267 2545 cognoscebat
1295 2498 1334 2531 et
1364 2501 1543 2542 tanquam

85 2553 196 2590 iudex
223 2551 415 2589 dirimebat
444 2555 483 2589 et
508 2553 713 2600 iudicabat3
740 2553 948 2602 mansitque
979 2553 1018 2589 in
1048 2551 1177 2588 eodem
1206 2549 1325 2586 officio
1350 2550 1388 2586 in
1415 2549 1542 2587 Africa

86 2610 197 2647 etiam
220 2608 289 2645 sub
319 2607 488 2657 Gregorii
524 2609 648 2657 magni
676 2609 913 2659 pontificatu,
955 2608 1057 2645 cuius
1092 2606 1171 2655 ipse
1201 2605 1277 2640 suis
1304 2605 1342 2641 in
1372 2606 1540 2655 epistolis

86 2665 215 2702 crebro
237 2664 411 2702 meminit.
442 2675 567 2701 verum
585 2664 823 2702 chartularius
842 2664 976 2702 Codini
1000 2663 1111 2710 longe
1138 2660 1318 2697 inferioris
1338 2661 1476 2698 ordinis
1497 2666 1536 2700 et

86 2721 278 2770 dignitatis
297 2724 395 2767 erat,
423 2720 519 2756 inter
539 2719 693 2757 lectores
711 2721 878 2758 nimirum
897 2719 1142 2766 constitutus,
1162 2719 1201 2753 et
1224 2717 1535 2767 antepenultimas

85 2776 124 2813 in
148 2775 274 2813 ultima
294 2776 466 2827 pentade.

197 2841 312 2881 Porro
332 2854 413 2880 cum
429 2841 552 2893 plures
572 2841 707 2879 fuerint
725 2842 951 2892 chartularii,
978 2844 1022 2878 ut
1046 2838 1185 2876 Citrius
1206 2849 1379 2888 expresse
1395 2838 1535 2889 scribit,
