1820 3178
531 215 591 259 IN
624 215 951 270 GODINI-CAP.
992 215 1048 259 11.
1113 222 1126 234 “
1432 215 1523 261 179

93 324 228 376 ciffus
237 323 463 374 megalducas
475 327 767 375 consanguineum
781 338 894 372 mum,
909 329 949 364 et
961 326 1099 366 2211:
1125 324 1272 363 Alexim
1284 324 1524 374 megalducas,

94 382 157 432 qui
171 380 377 419 clauserat
396 380 610 431 praefectus.
639 386 820 434 usurpant
832 383 942 419 etiam
962 381 1092 419 Graeci
1117 378 1313 423 ὃουκᾶτου
1334 395 1401 432 pro
1424 394 1531 432 prae-

86 436 238 488 fectura
252 436 294 474 et'
318 436 447 482 dudm·
470 439 510 473 et
523 448 592 486 pro
610 442 763 485 moneta,
789 438 1103 487 quae'Germanis
1129 441 1187 475 est
1209 441 1265 476 ein
1283 438 1404 476 ducat.
1432 438 1527 477 δου-

91 487 220 544 κάτωρ
244 492 377 533 ductor.
404 492 488 529 vide
500 492 704 531 *Meursium
722 494 759 530 in
788 494 977 532 Glossario
998 493 1317 532 Graembarbaro.
1344 493 1429 532 olim
1455 485 1578 544 AtflP
1604 488 1667 522 139

90 548 184 591 time
210 551 250 586 et
274 546 504 587 Athenarum
538 549 709 601 princeps
743 562 893 599 magnus
925 550 1000 588 dux
1029 550 1222 601 audiebat,
1251 553 1292 588 ut
1328 554 1387 587 est
1426 550 1528 602 apud

91 604 298 654 Gregoram
315 604 339 643 l.
358 607 396 644 7.

182 657 232 691 Ut
261 657 373 691 officia
407 664 594 702 nunquam,
622 657 672 692 ita
699 669 762 693 nec
790 658 978 693 officiorum
1010 658 1251 705 appellationes
1285 662 1414 693 temere
1448 670 1530 693 con-

89 701 288 737 fundendae.
332 703 484 748 quamvis
524 702 638 747 itaque
679 704 714 738 in
754 705 973 748 posteriorum
1010 705 1246 750 imperatorum
1285 705 1530 739 constitutioni-

93 748 157 781 bus
183 754 432 793 nuncupentur·
447 749 550 782 duces
581 748 638 794 qui
682 749 837 783 limitibus
882 750 1040 783 militibus
1078 749 1258 793 provinciis
1298 756 1334 783 et
1371 750 1531 783 foedera-

93 793 139 826 tis
172 797 332 838 praesunt
361 791 652 836 (στρατιωτικοὺς
688 793 914 838 καταλόγους
945 795 1034 840 τῇδε
1061 791 1234 837 ἱδρύσατο
1248 819 1259 837 ,
1297 792 1352 834 οἷς
1383 791 1431 838 δὴ
1463 793 1530 837 ἆρ-

93 849 207 884 χοντα
228 836 344 872 εἰσαεὶ.-
363 835 554 882 ἒφιστοίναι
586 837 773 883 διώρισεν,
804 837 848 874 ὃν
866 837 1045 883 “Ρωμαῖοι
1066 839 1183 873 δοῦκα
1205 840 1252 883 τῆ
1273 839 1442 874 Λατίνων
1462 851 1530 874 κα-

95 883 197 918 λοῦσι
221 884 352 929 φωνῇ,
374 884 418 918 de
440 884 619 918 Iustiniuno
642 885 689 919 ait
715 885 897 931 Procopius
920 885 978 919 ubi
999 885 1042 918 de
1063 885 1135 918 eius
1158 876 1318 919 aedificiis
1338 885 1359 918 l.
1384 886 1438 926 3),
1464 885 1532 918 dux

93 933 394 973 mmm'‘mngnu‚
423 929 465 963 de
495 940 562 974 quo
593 931 666 972 hic,
695 931 814 965 navale
845 931 950 964 solum
984 931 1045 964 sub
1082 941 1143 964 sua
1173 930 1388 975 dispositione
1415 935 1533 963 tenere

87 976 230 1052 'Rom’
259 983 301 1007 nc
331 973 381 1007 ita
409 973 500 1007 vires
525 974 654 1019 imperii
684 986 756 1010 cum
779 987 899 1019 magno
923 976 1105 1009 domestico
1128 975 1247 1008 dividit
1267 980 1303 1009 ut
1325 976 1398 1020 ipse
1421 976 1533 1014 maris,

117 1018 292 1052 omesticus
321 1022 432 1052 terrae
463 1023 663 1064 potestatem
695 1021 872 1061 sortiatur,
906 1025 1008 1065 prout
1038 1032 1111 1054 cum
1140 1026 1278 1054 auctore
1309 1020 1420 1055 statim
1453 1032 1482 1054 c.
1508 1021 1530 1054 5

94 1064 255 1108 legemus.
301 1075 372 1098 eam
393 1065 437 1097 ob
459 1075 529 1098 rem
552 1065 608 1098 ubi
639 1065 748 1109 magni
777 1065 951 1099 domestici
980 1077 1096 1099 nomen
1126 1067 1331 1099 terrestrium
1362 1066 1532 1111 copiarum

97 1108 175 1143 duci
195 1109 355 1152 inditum,
375 1109 419 1144 de
441 1119 507 1154 quo
531 1120 637 1155 nuper
660 1110 879 1152 coniecimus‚
898 1115 984 1144 tunc
1006 1111 1061 1144 vel
1084 1121 1148 1144 nou
1171 1112 1271 1144 multo
1293 1111 1399 1144 serius
1420 1110 1533 1155 magni

96 1154 211 1195 ducis,
229 1160 268 1188 nt
290 1155 390 1189 maris
404 1156 610 1200 praefectum
632 1156 803 1200 speciatim
823 1156 1003 1197 indicaret,
1025 1156 1199 1200 vulgatum
1219 1156 1382 1201 suspicor.
1428 1166 1535 1201 penes

97 1199 288 1244 Grqforam
310 1201 428 1244 itaque
448 1202 471 1236 7
496 1201 518 1235 6
539 1200 624 1234 fides
642 1206 693 1234 est
716 1206 754 1235 ut
776 1201 908 1235 Atticae
934 1207 970 1235 et
991 1202 1196 1235 Athenarum
1229 1201 1405 1247 princeps,
1438 1202 1534 1235 cuius

98 1244 181 1278 ditio
203 1245 245 1279 im
291 1245 333 1280 rii
356 1245 415 1279 GP
440 1246 615 1280 frustulum
637 1247 814 1280 rescissum
838 1247 922 1289 fuit,
960 1246 1023 1280 iam
1046 1257 1067 1279 a
1089 1246 1303 1280 Constantini
1330 1251 1442 1280 aetate
1460 1258 1534 1280 ma-

98 1289 159 1334 gni
180 1289 203 1324 d
278 1318 288 1335 ‚
310 1291 384 1336 ipse
407 1291 565 1325 Romanis
586 1292 724 1326 ducibus
747 1292 896 1333 allectus,
924 1291 1121 1336 dignitatem
1138 1292 1242 1326 fuerit
1265 1292 1417 1336 adeptus.
1462 1303 1534 1325 me-

98 1341 208 1370 morat
230 1336 300 1371 Leo
324 1337 568 1371 Grammaticus
593 1339 660 1371 τοῦ
685 1337 850 1382 πλωΐμου
880 1334 946 1371 τὸν
982 1337 1113 1370 δοῦκα.
1159 1338 1272 1380 magni
1295 1349 1413 1370 nomen
1437 1337 1532 1370 addi—

99 1377 152 1414 dit
181 1381 339 1416 Niceten?
356 1381 523 1416 Manuelis
562 1381 723 1417 Comneni
755 1384 776 1416 l.
806 1384 829 1417 2
857 1393 926 1417 non
957 1393 1023 1416 uno
1047 1383 1133 1417 loco.
1179 1382 1202 1416 1.
1227 1383 1268 1417 5.·
1301 1379 1320 1416 ὁ
1347 1379 1531 1426 Μανουὴλ

97 1422 234 1462 στέλλει
261 1424 329 1464 τὸν
359 1424 474 1472 μέγαν
505 1428 622 1462 deuna
651 1426 716 1463 τὸν
746 1426 1053 1472 Κοντοστὲφανον
1075 1425 1305 1470 Ἀνδρόνικον
1338 1427 1424 1470 περί
1457 1439 1533 1460 που

98 1467 167 1512 τοὶς
188 1465 317 1507 ἕκατὸν
338 1471 401 1506 καὶ
421 1471 646 1517 πεντήκοντα
668 1472 829 1518 τριήρεις
852 1471 1001 1518 ἔχοντα,
1032 1470 1087 1508 ὅτι
1116 1471 1209 1517 μηδὲ
1240 1473 1315 1507 τῶν
1335 1472 1532 1506 Βενετικῶν

100 1513 122 1551 ὁ
154 1514 281 1556 στόλος
312 1510 360 1562 ἦν
397 1515 632 1561 ἐνδεέστερος.
685 1519 718 1552 iu
753 1518 871 1553 Alexio
906 1518 1072 1552 Manuelis
1097 1517 1192 1551 huius
1220 1518 1267 1552 F:
1314 1513 1477 1561 ὥρμησεν
1512 1513 1533 1550 ὃ

98 1559 395 1608 πρωτοσὲβαστος
417 1559 502 1601 τοὺς
524 1559 764 1604 πιστοτάτους
784 1561 897 1608 στόλῳ
920 1560 1106 1606 ἐπιστῆσαι
1127 1559 1363 1606 τριηράρχοις,
1385 1561 1446 1595 καὶ
1462 1573 1533 1595 πα-

100 1604 282 1649 oum-vm
314 1604 431 1642 αὐτόν
459 1610 538 1647 τοῖς
569 1605 693 1653 ἐκείνῳ
722 1605 817 1643 κατὰ
847 1607 952 1652 γένος
981 1604 1168 1651 ἐγγίζουσι.
1214 1609 1282 1641 τοῦ
1310 1604 1352 1640 δὲ
1374 1604 1534 1650 μεγάλου

99 1648 236 1692 domnis
256 1653 323 1686 τοῦ
346 1651 652 1699 Κοντοστεφάνου
674 1651 996 1696 ἀντιπνεύσαντος,
1019 1651 1082 1686 καὶ
1103 1653 1169 1695 τῆς
1188 1651 1401 1696 στολαρχίας
1422 1649 1535 1685 παντὶ

98 1693 225 1744 τρόπῳ
265 1692 476 1741 ἔξεχομὲνου
508 1694 555 1737 ὡς
592 1695 692 1743 αὐτῷ
722 1698 785 1732 καὶ
816 1694 882 1742 οὔχ
913 1693 1022 1743 ἑτέρῳ
1054 1695 1250 1740 δήπουθεν
1269 1697 1533 1753 προσηκούσης,

101 1738 332 1785 ἀναγκαστῶς
353 1738 421 1785 τὴν
448 1740 618 1787 βούλησιν
643 1743 892 1787 μετατίθησιν.
938 1742 1106 1776 subditur:
1139 1741 1200 1776 καὶ
1231 1739 1279 1786 δὴ
1303 1755 1323 1776 ο
1347 1754 1415 1787 μεν
1438 1743 1536 1775 Κον-

101 1782 324 1829 τοστέφανος
339 1783 563 1827 ’Λνὸρόνικος
580 1786 708 1831 κύριος
728 1786 958 1832 καθειστήκει
979 1788 1046 1821 τοῦ
1065 1785 1196 1822 στόλου
1216 1785 1366 1827 παντός.
1412 1786 1534 1820 Isaacii

102 1832 222 1875 Augen
245 1832 270 1866 l.
293 1833 334 1867 3:
367 1831 500 1866 στέλλει
517 1829 694 1873 Ἰσαάκιος
712 1831 779 1868 τὸν
802 1834 897 1868 ἴδιον
931 1830 1132 1876 ἐξάδελφον
1159 1835 1456 1876 Κωνσταντῖνον,
1489 1828 1535 1865 ὃν

101 1876 164 1912 καὶ
186 1876 300 1910 ὃοῦκα
322 1878 389 1911 τοῦ
409 1875 540 1911 στόλου
560 1877 802 1924 προυβάλετο.
849 1882 944 1913 Anna
976 1878 1145 1912 Comnena
1176 1875 1289 1922 μέγαν
1320 1878 1439 1912 δοῦκα
1456 1874 1536 1911 Ἰω-

102 1919 221 1965 άννην
241 1918 332 1966 μετὰ
354 1919 485 1957 στόλου
516 1922 673 1967 μεγάλου
713 1924 747 1957 in
770 1925 918 1969 Cyprum
941 1924 1048 1957 refert
1082 1924 1215 1957 missum
1240 1923 1260 1955 1.
1285 1923 1317 1956 8.
1364 1923 1536 1956 Constan-

101 1967 206 2001 tinum
237 1967 458 2001 Delassenum
491 1969 582 2001 sacta
609 1970 650 2001 ad
691 1981 809 2001 nomen
841 1969 1003 2001 allusione
1035 1963 1363 2009 θαλασσοκράτορα
1395 1978 1415 2001 a
1438 1972 1536 2011 patre

102 2011 239 2056 Alexio,
261 2023 419 2046 novorum
445 2012 605 2046 nominum
630 2020 665 2046 et
695 2013 891 2057 dignitatum
923 2017 1078 2049 auctore.
1114 2008 1466 2061 προκεχειρισμένον,
1494 2024 1537 2046 nc

103 2057 243 2091 inferius
273 2057 389 2091 δοῦκα
422 2057 576 2100 Κύπρου
599 2058 810 2092 nominatum.
858 2058 1003 2091 meminit
1029 2058 1127 2091 etiam
1149 2057 1259 2101 magni
1282 2057 1374 2091 ducis
1397 2057 1536 2091 Latinus

104 2102 233 2145 Tyrius
254 2103 299 2137 20
326 2104 386 2136 11:
431 2103 523 2136 misit
549 2115 621 2137 cum
645 2105 752 2137 classe
789 2104 1012 2147 megalducas
1043 2104 1329 2148 consanguineum
1351 2114 1468 2143 suum,
1501 2107 1538 2136 et

104 2147 152 2182 22
177 2149 233 2181 11ι
264 2148 402 2182 Ale-rius
421 2149 653 2192 megalducas,
677 2150 735 2193 qui
757 2150 858 2183 classi
880 2153 955 2182 erat
975 2151 1178 2193 praefectus.
1223 2148 1337 2181 iuncta
1357 2153 1540 2192 corrupta-

107 2201 173 2235 que
195 2196 272 2225 sunt
294 2193 378 2226 haec
399 2193 520 2233 verba,
549 2194 644 2227 aiunt
670 2194 823 2238 quidam:
854 2205 874 2227 a
897 2205 985 2237 quo,
1017 2205 1080 2226 non
1111 2193 1310 2227 edisserunt.
1357 2197 1449 2227 certe
1471 2203 1538 2226 nou

106 2236 170 2269 nisi
194 2247 216 2270 a
237 2237 344 2280 Tyrio
366 2238 531 2282 scriptore
554 2239 697 2272 barbare
721 2239 951 2282 megalducas,
979 2236 1133 2282 μεγάλος
1159 2238 1294 2278 defixas
1328 2237 1426 2281 vice,
1456 2248 1538 2282 pro-

106 2281 280 2315 nuntiante
305 2293 464 2316 connexu.
510 2295 578 2317 vox
598 2281 750 2327 μεγοὶλος
769 2284 911 2317 trivialis
931 2283 1026 2324 licet,
1061 2295 1142 2328 prae
1163 2280 1294 2327 μέγας,
1324 2283 1432 2316 minus
1453 2293 1538 2316 ano-

108 2326 195 2360 mala
215 2333 286 2360 est:
307 2327 417 2360 fateor
440 2327 593 2370 δοῠκας,
616 2329 688 2361 vice
708 2326 820 2372 δούξ,
839 2329 1054 2372 grammatico
1076 2329 1147 2361 iure
1173 2327 1363 2362 recentiore
1383 2326 1498 2361 scribi.

219 2392 255 2430 p.
272 2380 297 2418 9
319 2391 351 2415 v.
371 2380 406 2419 5.
451 2379 715 2430 protostrator]
750 2382 924 2419 mendose
952 2380 1094 2417 codices
1119 2379 1283 2417 nonnulli
1310 2373 1540 2430 πρωτοστά-

108 2447 199 2487 τφρ.
253 2434 403 2472 Nicetas
420 2435 602 2472 existimat
619 2441 893 2486 protostratorem
910 2449 991 2473 oese
1008 2435 1226 2473 Latinorum
1249 2433 1539 2471 mareschalcum.-

108 2490 162 2527 ita
181 2489 330 2527 enimin
346 2483 526 2527 Balduino
545 2491 591 2527 de
622 2492 784 2529 Gofredo
813 2492 981 2540 loquens:
1018 2489 1279 2542 μαρὲσχαλκος
1302 2483 1356 2538 ἦν
1385 2483 1540 2536 ἆξίωμα

108 2543 133 2585 ὅ
154 2540 276 2597 ἇνήρ,
306 2545 422 2596 δηλοῖ
445 2543 487 2585 δὲ
514 2542 607 2584 καθ’
633 2546 793 2598 ἕλληνας
818 2545 848 2598 '¹1‘
877 2543 996 2597 φωνή
1017 2543 1085 2585 τὸν
1111 2539 1446 2595 πρωτοστροὶτωρα
1469 2543 1541 2592 (ita

107 2601 361 2649 scribendum,
388 2601 419 2637 si
436 2599 607 2639 Latinam
635 2604 876 2651 quantitatem
903 2605 1064 2652 spectes:
1094 2599 1249 2637 occurrit
1267 2602 1389 2635 tamen
1411 2598 1538 2635 crebro

114 2668 179 2707 per
235 2671 278 2704 o,
304 2655 657 2709 πρωτοστρᾶτορα).
692 2658 846 2695 loannes
880 2655 1107 2706 Curo'palata
1130 2655 1168 2691 in
1199 2652 1407 2703 Theophilo
1430 2658 1540 2691 vocat

112 2713 194 2751 τοῖν
215 2708 444 2761 ἷπποκὸμων
463 2715 637 2763 πρῶτον,
659 2714 746 2762 quia
764 2714 832 2750 illis
851 2714 1037 2764 praeerat.
1064 2710 1174 2747 etiam
1191 2708 1344 2759 simplex
1365 2707 1540 2760 στράτωρ

114 2771 302 2816 usurpant.
339 2768 492 2804 Suidas:
532 2765 704 2820 στρᾶτωρ
743 2766 845 2815 εἶδος
868 2765 1099 2817 ἀξιώματος.
1136 2766 1174 2802 in
1209 2764 1407 2803 donatione
1437 2764 1540 2801 Con-

112 2822 284 2862 stantini:
306 2824 523 2877 στράτωρος
543 2818 733 2874 doctum
759 2819 1010 2876 ἐποιήσαμεν.
