1864 3164
218 163 315 207 220
425 161 700 207 GRETSERI
716 163 789 206 ET
814 161 989 206 GOARI
1009 162 1444 218 COMMENTARIUS

215 281 313 307 nunc
334 281 440 319 reges
459 268 702 321 appellantur.
728 269 810 319 quis
830 272 943 320 neget
960 268 1031 308 hoc
1058 283 1081 309 a
1106 281 1194 310 vero
1213 271 1319 310 nimis
1341 275 1523 311 remotum
1551 270 1660 317 esse?

211 326 349 376 primus
363 326 458 364 enim
477 325 631 363 Carolus
648 338 805 376 magnus
819 330 857 363 et
871 327 931 363 alii
944 327 1226 366 nominabantur
1240 329 1382 379 patricii
1396 328 1658 366 Romanorum.

210 394 260 418 an
273 382 356 419 ideo
370 394 475 432 reges
488 381 740 420 Romanorum
753 381 811 419 vel
825 386 931 420 erant
944 382 1001 420 vel
1010 382 1238 422 habebantur
1248 384 1268 422 2
1285 388 1326 422 at
1336 384 1492 423 Carolus
1501 397 1658 435 magnus

209 442 409 488 postquam
422 439 671 477 Romanorum
685 439 883 490 imperator
896 442 1040 476 creatus
1054 443 1093 477 et
1106 439 1227 491 palam
1241 440 1496 491 promulgatus
1510 446 1580 491 est,
1595 442 1660 478 de-

208 494 456 546 siit-appellari
466 495 638 546 patricius
649 493 910 532 Romanorum.
931 495 1020 544 quid
1034 499 1112 534 tum
1122 495 1142 534 ‘3
1161 509 1208 534 an
1222 497 1319 546 ideo,
1334 510 1417 535 cum
1433 501 1532 535 esset
1543 497 1659 548 patri—

208 551 299 600 cius,
320 563 383 588 rex
401 551 651 588 Romanorum
665 549 773 589 erat?
805 551 836 588 si
857 551 939 600 quis
958 555 1103 590 exterae
1121 553 1280 590 nationis
1302 553 1477 603 patricius
1495 551 1659 591 Venetus

206 610 391 644 crearetur
410 608 485 645 dux
499 605 676 657 Venetus,
697 599 840 658 patricii
860 619 994 645 nomen
1011 609 1140 657 utique
1161 609 1358 647 omitteret.
1379 621 1428 647 an
1446 609 1530 646 ideo
1549 613 1660 646 antea

206 675 270 700 rex
284 662 508 702 Venetorum
525 662 685 701 fuisset?
705 663 856 701 alienius
870 676 894 702 a
911 676 997 702 vero
1014 668 1085 714 est,
1099 665 1199 714 quod
1214 665 1267 703 ait
1279 665 1378 702 idem
1392 663 1570 703 Glossarii
1584 665 1658 702 col-

204 718 346 771 lector,
372 722 610 771 imperatorem
627 719 728 758 rebus
740 720 981 758 ecclesiasticis
998 723 1167 772 tanquam
1191 734 1385 772 supremum
1414 725 1522 773 caput
1549 734 1660 773 prae-

201 775 340 827 fuisse,
365 781 397 813 et
414 776 482 815 Ιιασ
498 779 537 814 in
543 776 727 827 functione
743 779 934 828 patricium
961 777 1052 814 vices
1071 778 1144 814 eius
1172 779 1294 826 egisse.
1322 778 1436 827 idque
1457 777 1594 828 probat
1612 789 1656 815 ex

206 832 459 882 disputatione
494 832 708 883 Gregenfii,
749 832 810 870 ubi
839 832 927 870 dicit
950 831 1077 870 Erban
1110 832 1310 884 Iudaeum,
1347 833 1522 885 baptismi
1548 834 1658 871 undis

205 888 280 925 iam
302 887 489 939 ablutum,
516 891 677 926 creatum
696 900 777 926 esse
797 901 820 926 a
839 900 926 939 rege
946 887 1220 926 Homeritarum
1247 887 1562 941 ὖπεκκλησίονα,
1594 889 1659 938 qui

207 943 371 982 Meursio
401 948 460 982 est
489 947 646 983 vicarius
679 947 774 995 regis
803 949 982 993 tanquam
1009 945 1170 996 supremi
1203 946 1243 983 in
1269 945 1380 983 rebus
1405 944 1656 983 ecclesiasticis

208 1000 350 1051 capitis.
378 1002 447 1038 sed
461 1001 643 1038 Meursius
663 999 722 1038 hic
745 1001 851 1038 nimis
870 1003 997 1051 aperte
1015 1001 1195 1050 anglizat:
1225 1005 1269 1038 ut
1287 1002 1384 1039 enim
1402 1000 1514 1052 Angli
1532 1014 1657 1051 regem

206 1069 314 1095 suum
344 1056 457 1094 veluti
486 1070 696 1107 supremum
734 1056 905 1094 eeclesiae
948 1061 1061 1107 caput
1092 1061 1336 1108 venerantur,
1373 1058 1427 1096 ita
1459 1062 1499 1095 et
1524 1057 1658 1096 Batavi

206 1125 315 1150 suum
344 1113 602 1162 magistratum
621 1111 669 1150 ad
688 1113 785 1150 idem
809 1112 950 1150 eulmen
969 1113 1122 1150 evehere
1142 1113 1344 1164 incipiunt,
1375 1117 1419 1151 ut
1439 1113 1591 1164 planum
1614 1114 1658 1151 fit

206 1181 289 1207 cum
308 1181 352 1206 ex
366 1169 444 1206 aliis
465 1168 725 1218 novatoribus,
753 1172 833 1206 tum
852 1181 895 1206 ex
919 1167 1082 1218 Hugone
1101 1168 1234 1207 Grotio
1262 1173 1300 1207 in
1325 1169 1460 1208 Pietate
1485 1170 1656 1208 Ordinum

204 1224 439 1270 Hollandiae;
466 1225 504 1261 in
519 1237 591 1274 quo
606 1228 730 1262 tamen
752 1237 774 1262 a
791 1237 884 1275 puro
904 1224 1127 1263 Calvinismo
1151 1229 1190 1262 et
1226 1224 1474 1263 Puritanismo
1498 1225 1656 1264 immane

204 1284 385 1330 quantum
405 1281 601 1329 recedunt,
627 1281 690 1329 qui
708 1279 915 1318 huiusmodi
934 1281 1063 1331 capitis
1077 1282 1416 1332 impatientissimus
1431 1285 1508 1332 est,
1535 1294 1657 1331 neque
1706 1320 1711 1327 ,

202 1350 366 1386 unquam
405 1337 482 1374 eius
523 1336 664 1385 absque
695 1337 799 1386 gravi
831 1337 1077 1375 detestatione
1110 1338 1286 1375 meminit.
1333 1350 1401 1375 nec
1431 1338 1655 1388 Gregentius

203 1394 406 1442 quidquam
434 1393 482 1430 de
503 1392 574 1430 hoc
600 1395 788 1443 vicecapite
819 1393 950 1430 innuit.
987 1393 1060 1431 imo
1083 1393 1226 1430 futilem
1254 1394 1349 1431 hanc
1379 1395 1656 1443 persuasionem

201 1449 366 1488 Meursio
393 1449 548 1486 eximere
569 1451 740 1499 poterat,
763 1448 794 1485 si
816 1448 977 1486 animum
996 1448 1053 1486 vel
1076 1449 1266 1499 paululum
1299 1450 1531 1489 advertisset.
1569 1463 1654 1488 nam

199 1505 492 1556 ὕπεκκλησίονα
518 1505 570 1542 ait
593 1516 677 1541 eum
703 1515 785 1541 esse
816 1504 878 1553 qui
905 1503 1083 1542 Romanis
1109 1509 1261 1543 vocetur
1282 1507 1459 1556 patricius
1488 1509 1529 1543 et
1550 1509 1654 1544 cani-

199 1562 305 1600 cleon.
333 1561 415 1610 quis
445 1564 569 1598 autem
589 1572 753 1609 unquam
780 1561 920 1597 audivit
939 1561 1166 1611 praefectum
1191 1560 1340 1598 caniclei
1368 1564 1434 1599 aut
1459 1562 1653 1612 patricium

195 1618 311 1655 fuisse
332 1617 507 1655 vicarium
530 1617 691 1667 supremi
715 1617 845 1667 capitis
867 1617 905 1653 in
932 1616 1042 1653 rebus
1063 1616 1336 1667 ecclesiasticis,
1363 1617 1435 1655 hoc
1456 1621 1515 1655 est
1537 1618 1653 1668 impe—

195 1674 329 1723 ratoris
343 1673 363 1711 ‘3
389 1673 475 1711 licet
489 1674 586 1710 enim
612 1672 742 1710 Graeci
770 1673 992 1723 posteriores
1011 1677 1050 1710 et
1070 1673 1280 1723 sequiores,
1308 1676 1509 1723 postquam
1524 1687 1547 1712 a
1567 1675 1652 1712 visi-

196 1730 261 1767 bili
283 1741 401 1778 eoque
421 1743 509 1767 vero
539 1729 659 1779 capite
676 1728 849 1767 ecclesiae
869 1729 1123 1779 desciverunt,
1151 1730 1362 1781 imperatori
1387 1742 1456 1768 suo
1474 1730 1653 1768 honorem

197 1786 361 1836 supremi
387 1786 516 1837 capitis
549 1785 768 1835 detulerint,
807 1797 997 1834 nunquam
1023 1789 1148 1824 tamen
1177 1786 1370 1837 patricium
1405 1789 1469 1823 aut
1501 1786 1651 1823 caniclei

195 1843 403 1892 praesidem
418 1842 629 1894 imperatori
649 1842 687 1878 in
708 1841 797 1892 hoc,
826 1845 869 1879 ut
890 1842 944 1879 ita
963 1841 1117 1893 loquar,
1145 1845 1371 1894 capitaneatu
1391 1842 1528 1880 socium
1546 1843 1652 1880 attri-

197 1900 368 1937 buerunt.

629 2229 1063 2278 CAPUT
1139 2229 1222 2280 IV.

307 2399 344 2437 p.
362 2385 413 2426 13
427 2396 460 2422 v.
476 2384 513 2424 7.
538 2352 774 2431 Σκιάδιον,
805 2382 906 2430 quod
925 2386 964 2419 et
993 2377 1143 2431 σκιάδι,
1172 2383 1221 2420 ad
1243 2381 1394 2421 verbum
1419 2386 1478 2421 est
1498 2384 1646 2423 umbella

193 2461 259 2486 seu
273 2445 536 2492 umbraculum,
560 2449 718 2493 tegumen
735 2444 882 2494 capitis,
907 2441 1066 2480 breviter
1079 2444 1217 2493 pileus,
1245 2456 1320 2494 quo
1338 2445 1485 2483 nomine
1503 2445 1542 2482 in
1566 2456 1646 2482 ver-

194 2506 297 2542 sione
318 2502 514 2554 praecipue
538 2513 627 2538 usus
645 2511 736 2536 sum.

284 2578 371 2612 ibid.
417 2576 564 2611 cranium
595 2575 700 2609 solum
732 2575 872 2607 coronat
902 2574 938 2606 et
972 2572 1092 2607 leviter
1130 2573 1307 2609 adumbrat
1342 2570 1385 2610 τὸ
1421 2569 1645 2618 καλούμενον

194 2621 383 2666 σκιάδιον,
410 2633 478 2667 qua
501 2621 544 2656 de'
566 2631 668 2655 causa
688 2630 754 2654 non
776 2618 978 2661 umbellam,
1017 2630 1078 2653 ceu
1103 2631 1221 2654 carens
1243 2619 1410 2666 protensis
1435 2619 1469 2653 in
1498 2620 1641 2652 frontem

199 2669 290 2709 oris,
324 2668 386 2703 sed
416 2668 582 2712 pileolum
614 2678 656 2700 ex
689 2675 798 2710 aequo
823 2663 870 2708 (si
894 2664 1039 2698 medium
1061 2670 1172 2699 tamen
1195 2677 1335 2710 conum,
1366 2665 1447 2699 licet
1467 2663 1642 2705 modicum,

198 2713 408 2759 appinxeris)
439 2717 539 2758 caput
561 2713 780 2751 ambientem,
810 2708 888 2742 mihi
911 2710 1035 2753 potiori
1060 2710 1133 2744 iure
1154 2715 1274 2751 sonat3
1303 2720 1465 2765 quemque
1486 2705 1643 2752 ὃλομοὶρ-

198 2770 315 2804 ’γαρον
337 2758 393 2792 hic
417 2764 537 2792 auctor
559 2761 686 2799 vocat,
719 2755 946 2799 Theophanes
968 2755 1060 2800 prius
1083 2754 1332 2801 καμηλαύκιον
1354 2755 1527 2790 διαλιθον
1548 2754 1644 2795 dixit,

200 2805 404 2850 'rutilaeque
438 2804 625 2840 Gothorum
658 2801 730 2847 regi
761 2801 946 2836 detractum
981 2812 1003 2835 a
1036 2801 1186 2837 Narsete
1212 2801 1345 2848 Cpolim
1367 2800 1412 2836 ad
1428 2799 1643 2835 Iustinianum
