1832 3178
516 217 592 259 DE
627 215 862 260 OFFlclls
896 215 975 259 GP.
1011 215 1121 259 GAP.
1152 215 1229 260 Vl.
1528 213 1593 262 43

289 333 383 373 Τῶν
398 327 589 384 θεμάτων
608 330 839 384 δομέστικος
858 324 907 384 ἦν
922 327 1046 372 πάλαι
1066 329 1285 386 φροντίζων
1301 330 1368 371 καὶ
1387 327 1599 384 ἐπιμελού-

152 414 270 453 μενος
292 402 370 440 τῶν
389 402 462 441 τοῦ
483 399 679 452 δημοσίου
702 396 959 454 πραγμάτων.
1026 399 1092 440 καὶ
1124 397 1162 441 οἶ
1193 397 1418 452 δομίστικοι
1447 402 1527 440 τῶν
1555 415 1596 440 τε
1620 402 1649 438 Ρ
1673 404 1718 440 69

155 466 398 510 ἀνατολικῶν
420 467 488 508 καὶ
508 467 675 508 δυτικῶν
693 465 885 519 θεμάτων
905 467 1138 523 φροντισταὶ
1157 463 1350 516 ὡσαύτως
1370 467 1438 508 καὶ
1459 466 1596 521 ἐπιμε-

156 535 271 590 ληταὶ
290 538 370 576 τῶν
389 534 509 577 ἐκεῖσε
529 534 730 588 δημοσίων
750 532 1008 590 πραγμάτων.

124 609 147 644 5
292 601 354 644 Τὸ
373 605 444 645 τοῦ
460 600 635 658 μεγάλου
653 603 874 657 μυρτα’ί·του
891 599 1126 657 ὑπηρέτημα
1142 597 1428 657 ἄνεπίγνωστόν
1443 600 1563 644 ἔστιν.

291 669 352 712 Τὸ
371 673 444 712 τοῦ
462 667 770 725 πρωτοκόμητος
792 666 1020 712 θαλάσσιόν
1048 671 1167 711 ἔστιν.
1235 666 1453 726 εὗρίσκεται
1481 662 1597 718 οὗτος

156 740 236 781 τῶν
258 736 300 779 ἓν
321 741 378 795 τῷ
396 741 592 795 βασιλικῷ
612 735 742 795 στόλῳ
762 735 921 780 πάντων
940 735 1124 791 κομήτων
1143 739 1314 792 πρῶτος.

291 806 376 848 Καὶ
410 805 456 848 τὸ
494 810 566 849 τοῦ
603 806 867 862 δρουγγαριόυ
902 802 1094 854 ὡσαύτως
1115 802 1356 847 θαλάσσιον.
1424 804 1600 860 δροῦγγα

157 870 329 927 ποσότης
365 871 566 917 τοσούτων
600 877 717 916 τινῶν
751 871 1028 931 ἑρμηνεύεται,
1070 867 1117 927 ἧς
1155 870 1183 927 ἦ
1219 871 1324 930 ἀρχὴ
1362 869 1384 915 ὃ
1407 876 1598 922 τοιοῦτος
1637 877 1666 912 Β

104 950 148 985 10
158 937 431 997 δρουγγᾶριος.

294 1008 346 1051 Οἱ
371 1005 671 1066 προκαθήμενοι
696 1010 763 1052 καὶ
791 1008 830 1052 οἳ
857 1004 1183 1066 καστροφύλακες
1207 1005 1399 1066 ὑπηρέται
1428 1004 1597 1063 ἑκάστης

156 1074 250 1118 κατ’
276 1075 391 1126 ἀξίαν
409 1081 488 1120 τῶν
509 1075 675 1120 πόλεων.

284 1142 387 1195 Ἕως
409 1138 487 1189 ὦδε
510 1149 649 1188 πασῶν
668 1144 710 1187 αἱ
730 1141 954 1203 ὑπηρεσίαι.

552 1282 1084 1349 Κεφάλαιον
1152 1282 1203 1338 ς’.
1623 1299 1721 1335 P77

104 1358 252 1404 1511292
272 1360 342 1404 τῆς
360 1362 436 1397 riv
459 1360 681 1398 ὃεσποτικαῖν
705 1361 841 1406 ἑορτῶν
863 1360 1020 1404 τάξεως,
1052 1360 1116 1396 καὶ
1136 1361 1214 1397 τῶν
1234 1358 1320 1395 κατ’
1342 1357 1460 1402 αὐτὰς
1480 1363 1602 1396 τελου-

157 1404 276 1450 μένων
298 1405 456 1451 ἐθίμων,
481 1405 519 1442 ἐν
541 1405 602 1448 αἷς
623 1406 909 1453 διαλαμβάνεται
930 1406 994 1441 καὶ
1015 1406 1098 1451 περὶ
1120 1407 1190 1442 τοῦ
1211 1402 1368 1451 μεγάλου
1389 1408 1603 1451 δομεστίκου

292 1449 515 1498 ὑπηρεσίας,
547 1454 615 1489 τοῦ
639 1465 678 1488 τε
699 1451 851 1533 masor-Z
874 1451 937 1487 καὶ
961 1452 1174 1507 δομεστίκου
1198 1453 1266 1497 τῆς
1287 1451 1468 1498 τραπέζης

655 1499 718 1534 καὶ
738 1499 806 1534 τοῦ
849 1498 891 1533 πὶ
913 1499 1106 1543 τραπεζης.

296 1599 363 1651 Τῇ
392 1593 453 1637 κδ’
483 1599 556 1638 τοῦ
584 1595 835 1650 Δεκεμβρίου
861 1592 1006 1648 μηνός,
1040 1593 1142 1635 καθ’
1170 1592 1219 1648 ἢν
1244 1591 1268 1648 ἦ
1294 1597 1374 1636 τῶν
1396 1597 1603 1650 Χριστου-

107 1661 306 1717 Ξῦγὲννων
331 1661 567 1720 παραμονή,
601 1667 673 1705 τοῦ
700 1661 896 1716 βασιλέως
930 1663 985 1710 εἷς
1012 1660 1082 1703 τὸν
1109 1659 1262 1718 ὄρθρον
1286 1661 1345 1716 μὴ
1373 1661 1605 1713 ἐξελθόντος

254 1801 272 1834 1
299 1793 368 1844 ἦν]
391 1796 566 1840 ώσαύτως
586 1793 635 1844 ἧν
657 1799 715 1834 ΒΡ
851 1800 874 1835 3
896 1797 1053 1834 δυσικῶν
1073 1798 1104 1834 A
1242 1801 1285 1835 13
1309 1797 1377 1840 ’ἕως
1397 1820 1444 1827 -
1463 1799 1603 1846 ’ὑπηρε-

251 1846 328 1879 σίαι
347 1857 402 1880 om
420 1845 480 1880 AB
663 1845 707 1880 14
728 1844 775 1890 ς’]
798 1843 832 1879 δ’
851 1845 880 1880 Α
1063 1844 1105 1880 15
1130 1842 1302 1880 ἐντεῦθεν
1325 1846 1365 1880 αἱ
1389 1845 1532 1891 ἑορταί,
1558 1843 1605 1887 ἃς

251 1889 406 1924 εἰώθασι
433 1890 605 1933 ποιῆσαι,
639 1887 678 1924 ἐν
707 1891 758 1938 τῷ
788 1889 973 1936 παλατίῳ*
1010 1889 1074 1925 καὶ
1103 1890 1252 1936 πρῶτον
1279 1891 1362 1936 περὶ
1385 1892 1452 1938 τῆς
1474 1890 1604 1938 ἑορτῆς

250 1936 326 1970 τῶν
350 1934 644 1980 Χριστουγέννων
664 1937 693 1970 Ρ

250 2057 464 2093 Domesticos
489 2058 674 2093 thematum
706 2058 786 2093 olim
819 2070 901 2093 cura
931 2069 995 2092 sua
1017 2057 1172 2104 publicas
1197 2071 1255 2094 res
1277 2061 1602 2106 comprehendebat.

162 2107 198 2136 et
229 2103 407 2138 domestici
438 2103 653 2138 orientalium
682 2110 718 2138 et
746 2104 1008 2139 occidentalium
1039 2105 1225 2140 thematum
1246 2106 1405 2141 similiter
1427 2115 1603 2142 curatores

161 2154 262 2183 erant
282 2149 492 2194 publicorum
516 2151 747 2194 negotiorum,
771 2150 831 2194 qui
851 2150 902 2184 ibi
926 2151 1188 2186 enascebantur.

250 2193 369 2238 Magni
392 2195 574 2238 myrtaitae
597 2207 717 2229 munus
740 2203 794 2230 est
813 2195 1036 2239 incognitum.

249 2239 493 2274 Protocomitis
519 2241 649 2274 functio
673 2242 716 2275 ad
742 2252 835 2275 mare
855 2245 1011 2286 spectat:
1033 2244 1087 2275 est
1105 2240 1196 2275 enim
1210 2241 1247 2276 in
1263 2242 1481 2288 imperatoris
1495 2244 1606 2280 classe

161 2285 320 2319 comitum
342 2285 488 2319 omnium
512 2286 652 2330 primus.

248 2329 436 2374 Drungarii
457 2331 607 2365 officium
630 2331 853 2366 consimiliter
875 2332 917 2366 ad
941 2343 1034 2366 mare
1051 2331 1214 2376 pertinet.
1261 2333 1395 2378 drunga
1418 2337 1471 2368 est
1491 2336 1606 2368 certus

163 2386 321 2408 numerus
343 2375 504 2419 militum,
527 2377 651 2420 quibus
672 2378 750 2411 talis
773 2377 979 2421 drungarius
1000 2377 1161 2421 imperat.

253 2420 436 2458 Praesides
465 2421 642 2456 civitatum
672 2429 708 2457 et
737 2429 928 2458 castrorum
950 2423 1110 2458 custodes
1131 2422 1279 2458 ministri
1301 2427 1381 2458 sunt
1402 2434 1466 2469 pro
1490 2423 1604 2458 cuius-

163 2476 231 2510 que
255 2465 408 2500 civitatis
427 2466 609 2510 dignitate.

253 2511 440 2556 Hucusque
463 2512 607 2547 omnium
630 2511 958 2548 administrationes.

722 2615 948 2671 Caput
1003 2618 1042 2658 6.

301 2680 492 2724 Sequuntur
506 2681 623 2726 feriae
645 2693 730 2725 quas
751 2682 789 2715 ἰπ
808 2683 942 2726 palatio
958 2680 1090 2725 seriari
1109 2681 1242 2722 solean
1270 2684 1305 2716 et
1325 2682 1471 2727 primum

623 2727 666 2761 de
681 2730 772 2771 festo
792 2728 988 2762 nativitatis
1011 2726 1149 2760 domini.

255 2802 388 2837 Mensis
410 2803 611 2838 Decembris
632 2805 678 2839 24
700 2804 891 2840 celebratur
912 2803 1033 2849 vigilia
1055 2804 1248 2840 nativitatis
1270 2806 1423 2852 Christi,
1456 2809 1606 2853 impera-

168 2851 245 2882 tore
277 2849 320 2883 ad
351 2849 550 2884 matutinum
580 2850 764 2886 secundum
785 2851 946 2886 usitatam
970 2849 1037 2886 sibi
1059 2852 1338 2894 consuetudinem
1361 2865 1429 2888 non
1453 2866 1606 2899 egresso,
