1832 3178
225 197 292 243 56
641 200 841 246 CODINI
875 201 1268 247 CUROPALATAE

224 312 350 367 μέγας
380 309 638 373 ἕταιριάρχης
656 313 682 370 ἢ
706 314 728 358 ὃ
749 312 1037 374 πριμμικήριος
1053 319 1125 372 τῆς
1145 312 1274 373 αῧλῆς
1294 316 1397 374 λέγει
1415 317 1518 377 πρὸς
1539 316 1689 371 αὖτοὺς
1732 339 1737 341 ’

221 378 308 431 “εἶς
336 381 468 424 πολλὰ
497 380 563 439 ἔτη
597 383 715 441 ὁρίζει
743 382 765 426 ὅ
797 385 999 440 αὐθέντης
1022 389 1106 440 μᾶς
1134 383 1156 428 ὃ
1183 384 1422 441 βασιλεύς.υ
1493 387 1532 430 οἱ
1555 387 1690 431 δὲκαὶ

226 447 476 500 εἰσελθόντες
497 457 792 509 προσκυνοῦσι,
827 455 894 496 καὶ
915 453 1154 511 ἀπέρχονται
1175 456 1243 497 καὶ
1262 449 1388 498 οὗτοι.
1456 453 1591 499 ἔπειτα
1610 473 1690 500 πο-

226 519 522 574 λυχρονίζουσιν
546 521 583 563 οἱ
605 522 749 578 ἐφεξῆς
770 519 972 578 ἄρχοντες.
1039 523 1107 566 καὶ
1132 523 1171 566 οἱ
1189 523 1264 578 μὲν
1287 527 1507 581 φοροῦντες
1524 523 1690 568 σκιάδια

175 593 206 627 C
223 585 520 643 χρυσοκόκκινα
539 591 606 632 καὶ
624 590 870 648 συρματὲίνα
888 591 1146 648 ἀπέρχονται,
1181 590 1238 643 ὡς
1272 592 1450 650 εἴρηται,
1482 593 1586 649 πλὴν
1615 597 1688 637 τοῦ
1701 601 1724 637 5

225 655 436 711 πιγκέρνη·
471 658 670 714 περιμένει
696 658 775 716 γὰρ
803 654 921 710 οὗτος
949 658 1211 716 ὖπηρετήσων
1234 662 1298 703 ἐπὶ
1320 665 1393 716 τῆς
1411 662 1610 719 τραπέζης
1632 666 1693 720 τῷ

225 727 397 778 βασιλεῖ.
462 726 559 776 τοὺς
578 727 623 770 δὲ
643 728 1107 787 κλαπωτὰφοροῦντας,
1141 730 1180 772 οἳ
1197 729 1530 787 προδηλωθέντες
1541 728 1694 788 ὑπηρέ-

228 809 295 834 ται
326 792 422 842 τούς
449 792 599 846 τόπους
629 794 809 840 ἑκάστων
838 795 991 840 τούτων
1019 796 1280 854 γινώσκοντες
1310 797 1502 855 φέρουσιν
1531 795 1693 850 αῧτούς,

229 862 297 902 καὶ
335 864 665 919 πολυχρονίζουσι
702 867 770 907 καὶ
805 860 937 909 οὗτοι·
986 863 1070 908 εἶτα
1104 866 1266 922 λέγουσι
1299 867 1402 923 πρὸς
1427 867 1575 918 αὐτοὺς
1606 865 1695 918 κεἷς

228 928 359 971 πολλὰ
378 929 446 986 ἔτη
466 930 584 989 ὁρίζει
605 931 626 975 ὅ
648 933 850 989 αὐθέντης
869 938 952 990 μᾶς
971 932 992 977 ὃ
1011 933 1249 989 βασιλεύς.”
1319 937 1386 978 καὶ
1404 935 1478 978 οὐκ
1497 935 1693 994 ἀπέρχον-

230 1014 322 1050 ται,
357 998 450 1041 ἀλλ’
470 1002 655 1044 ἵστανται
676 1004 731 1052 εἷς
750 1002 823 1057 τὴν
840 1000 1108 1060 παράστασιν.

178 1068 211 1104 D
363 1064 413 1110 ‘O
446 1068 491 1110 δέ
518 1086 562 1125 γε
590 1068 833 1122 ποτεστάτος
853 1076 933 1115 τῶν
953 1072 995 1114 ἐν
1016 1073 1057 1113 Γ
1054 1074 1187 1131 αλατᾷ
1206 1072 1247 1112 Γ
1243 1074 1428 1114 ενουὶτῶν
1435 1102 1450 1123 ,
1484 1072 1552 1114 καὶ
1578 1065 1697 1124 οὗτος

231 1134 287 1182 εἷς
313 1133 384 1177 τὸν
414 1137 555 1194 καιρὸν
576 1142 649 1192 τῆς
667 1137 910 1196 προκύψεως
931 1139 1006 1184 σὺν
1029 1146 1114 1192 τοῖς
1133 1139 1226 1194 μετ’
1249 1139 1376 1182 αὐτοῦ
1400 1138 1570 1196 ἄρχουσι
1593 1141 1696 1195 μετὰ

229 1205 309 1244 τῶν
339 1207 491 1249 λοιπῶν
519 1205 724 1261 ἀρχόντων
751 1206 1051 1264 εὑρισκόμενος,
1085 1214 1381 1266 προσκαρτερεΐ
1395 1209 1514 1265 μέχρι
1536 1210 1699 1264 καὶτῆς

227 1271 438 1326 τραπέζης.
506 1275 572 1316 καὶ
602 1275 706 1330 μετὰ
733 1276 778 1319 τὸ
809 1282 1014 1332 σταθῆναι
1041 1277 1137 1327 τοὺς
1166 1275 1366 1334 ἄρχοντας
1389 1279 1446 1327 εἷς
1467 1275 1540 1333 τὴν
1562 1276 1697 1336 παρά-

230 1355 374 1382 στασιν
394 1341 514 1398 μέχρι
535 1345 601 1384 καὶ
626 1348 697 1386 τοῦ
719 1344 898 1400 μεγάλου
921 1347 1189 1402 δρουγγαριόυ
1209 1349 1284 1388 τοῦ
1304 1343 1451 1388 στόλου
1461 1377 1476 1398 ,
1511 1344 1700 1397 ἐλθόντες

233 1407 277 1449 δὲ
311 1410 380 1450 καὶ
415 1405 526 1453 οὗτοι
556 1414 886 1470 πολυχρονίζουσι
916 1415 1164 1464 Λατινικῶς.
1234 1411 1489 1464 εἰσελθόντος
1524 1409 1595 1457 οὖν
1631 1416 1700 1457 καὶ

114 1479 143 1512 P
165 1479 211 1514 90
234 1477 585 1533 προσκυνήσαντος
605 1481 706 1535 μετὰ
731 1486 811 1525 τῶν
831 1482 905 1526 σὺν
923 1482 1055 1542 αὐτῷ,
1090 1481 1208 1539 ὁρίζει
1233 1479 1255 1524 ὅ
1279 1481 1474 1536 βασιλεῦς
1495 1483 1551 1533 εἷς
1569 1483 1700 1526 πολλὰ

231 1543 299 1599 ἔτη
339 1548 406 1588 καὶ
445 1548 587 1592 δίδωσι
626 1549 695 1592 διὰ
729 1549 866 1608 χειρὸς
896 1555 955 1610 τῷ
985 1548 1215 1610 ποτεστάτῳ
1241 1551 1436 1603 κυλίκιον,
1479 1552 1547 1593 καὶ
1574 1550 1702 1609 ἀπέρ-

225 1629 356 1667 χεται.

373 1683 500 1725 Μετὰ
520 1683 564 1726 δὲ
581 1683 751 1736 τούτους
770 1687 1124 1743 πολυχρονίζουσιν
1146 1687 1212 1728 καὶ
1234 1685 1360 1743 ἕτεροι
1381 1689 1462 1729 τῶν
1481 1684 1702 1743 ἀρχόντων,

234 1750 301 1791 καὶ
324 1751 570 1809 εἰσέρχονται
587 1755 707 1812 μέχρι
725 1757 794 1797 καὶ
817 1759 889 1798 τοῦ
909 1756 1129 1812 λογοθὲτου
1149 1759 1229 1797 τῶν
1251 1755 1416 1810 ἀγελῶν.
1485 1754 1570 1798 εἶτα
1589 1757 1656 1799 καὶ
1680 1754 1702 1798 ὅ
1762 1764 1764 1767 ’

327 1880 372 1915 12
392 1880 491 1927 τῶν]
518 1877 540 1915 ὁ
566 1881 596 1916 Ρ
732 1880 797 1928 ἐν]
820 1881 860 1918 ἐν
882 1883 935 1930 τῷ
957 1883 1019 1918 ΑΒ
1157 1884 1200 1919 15
1222 1882 1266 1919 τὸ
1292 1884 1397 1929 vulgo
1422 1895 1474 1919 om

234 1992 453 2038 primicerius
477 1993 596 2037 aulae,
630 1994 682 2030 sic
705 1996 835 2030 affatur
856 1995 939 2032 illos
962 1992 1110 2030 “multos
1133 2007 1243 2030 annos
1265 1997 1406 2032 mandat
1428 1996 1530 2032 vobis
1551 1996 1704 2042 impera-

236 2035 344 2080 tor32'
378 2038 440 2084 qui
469 2039 621 2084 ingressi
643 2041 886 2086 imperatorem
910 2050 1142 2085 venerantur,
1176 2054 1325 2087 moxque
1350 2043 1531 2077 recedunt.
1578 2043 1706 2078 deinde

238 2083 360 2118 multos
395 2096 504 2119 annos
541 2092 804 2131 comprecantur
837 2094 1092 2132 consequentes
1124 2099 1304 2132 proceres.
1351 2093 1388 2123 et
1416 2088 1555 2133 quidem
1586 2089 1614 2122 ii
1644 2089 1705 2135 qui

235 2129 340 2175 pileis
364 2131 463 2165 aurei
487 2135 523 2164 et
545 2133 701 2167 coccinei
723 2132 861 2177 coloris,
887 2145 972 2168 auro
994 2145 1117 2180 nempe
1144 2133 1265 2168 ductili
1287 2134 1406 2179 textis,
1431 2133 1591 2179 insigniti
1613 2142 1706 2179 sunt,

239 2177 389 2219 abeunt,
414 2181 453 2210 ut
476 2176 605 2211 dictum
629 2183 700 2219 est,
727 2185 872 2224 excepto
891 2179 1079 2224 pincerna,
1105 2179 1164 2224 qui
1190 2185 1305 2214 manet
1329 2185 1450 2225 utpote
1473 2179 1707 2216 inserviturus

238 2233 379 2256 mensae
409 2223 643 2267 imperatoris.
691 2223 769 2258 illos
793 2237 878 2259 vero
901 2225 961 2270 qui
983 2225 1051 2259 filis
1076 2225 1190 2259 aureis
1215 2225 1406 2271 solidisque
1429 2231 1627 2272 compactos
1650 2227 1708 2272 pi-

239 2266 312 2301 leos
335 2274 494 2312 gestant,
525 2269 718 2314 supradicti
742 2269 911 2314 ministri,
943 2270 1043 2315 gnari
1068 2271 1145 2315 quis
1170 2271 1282 2305 cuivis
1304 2270 1400 2306 locus
1424 2278 1618 2318 competat,
1642 2273 1708 2307 ad-

240 2313 390 2355 ducunt3
423 2313 483 2358 qui
518 2313 761 2359 imperatorem
796 2316 976 2351 multorum
1007 2328 1174 2350 annorum
1202 2318 1320 2351 fausta
1343 2317 1591 2352 acclamatione
1613 2318 1707 2353 salu-

241 2363 336 2401 tant3
370 2359 414 2392 ad
437 2371 524 2405 quos
547 2360 608 2394 isti
634 2357 781 2395 “multos
806 2374 915 2396 annos
938 2363 1077 2396 mandat
1100 2361 1201 2396 vobis
1224 2363 1415 2408 imperator
1437 2361 1608 2406 noster;”
1642 2376 1707 2398 nec

241 2405 442 2449 discedunt,
471 2406 534 2442 sed
557 2407 781 2441 circumstant
803 2409 839 2441 in
863 2407 1157 2442 circumstatione.

331 2451 531 2486 Potestatus
555 2458 669 2486 autem
692 2464 756 2487 seu
779 2459 922 2498 praetor
945 2454 1182 2487 Genuensium
1203 2452 1241 2486 in
1265 2453 1394 2489 Galata
1415 2466 1478 2488 seu
1498 2454 1589 2489 Pera
1607 2455 1707 2490 habi-

242 2496 411 2540 tantium,
448 2496 525 2542 ipse
549 2497 652 2532 etiam
675 2498 747 2532 suis
771 2510 846 2532 curn
870 2499 1073 2544 proceribus
1097 2499 1188 2533 inter
1212 2499 1382 2545 primores
1405 2501 1534 2534 aulicos
1557 2500 1707 2546 impera-

242 2542 312 2576 tori
335 2542 372 2577 in
395 2542 483 2576 solio
507 2544 643 2578 sedenti
662 2555 827 2589 praesens
850 2550 1032 2590 repertus,
1057 2551 1237 2590 permanet
1261 2557 1371 2591 usque
1394 2546 1439 2579 ad
1461 2557 1626 2580 mensam.
1674 2552 1710 2580 et

243 2594 425 2632 postquam
458 2589 563 2624 aulici
594 2601 759 2635 proceres
792 2602 909 2624 omnes
943 2601 1054 2635 usque
1078 2591 1122 2624 ad
1148 2603 1305 2634 magnum
1339 2591 1562 2636 drungarium
1586 2591 1709 2626 classis

243 2645 307 2667 suo
332 2633 463 2678 quique
485 2634 561 2668 loco
586 2635 798 2681 consistunt,
823 2635 1014 2671 adveniunt
1038 2641 1074 2670 et
1095 2636 1178 2679 isti,
1206 2648 1248 2670 ac
1270 2637 1474 2681 imperatori
1496 2637 1621 2671 multos
1645 2649 1707 2671 an-

243 2690 306 2714 nos
336 2679 463 2714 Latine
495 2692 514 2714 a
541 2687 742 2726 precantur.
789 2693 864 2716 cum
895 2681 1004 2726 igitur
1037 2682 1182 2716 intravit
1215 2687 1251 2716 et
1281 2682 1514 2717 reverentiam
1539 2693 1614 2716 cum
1634 2683 1708 2717 suis

245 2724 422 2768 exhibuit,
461 2737 517 2759 mu
532 2733 586 2761 tos
621 2739 759 2773 quoque
789 2738 899 2762 annos
930 2727 1121 2772 imperator
1149 2727 1238 2773 ipsis
1267 2729 1423 2773 mandat,
1463 2733 1500 2763 et
1520 2739 1622 2763 manu
1644 2739 1707 2763 sua

244 2770 397 2816 porrigit
418 2776 593 2815 potestato
617 2773 807 2818 collicium,
834 2784 903 2818 quo
925 2778 1069 2818 accepto
1093 2773 1179 2810 abit.

336 2815 423 2850 Post
444 2816 531 2851 istos
555 2818 736 2853 multorum
758 2830 925 2854 annorum
948 2820 1198 2863 apprecatione
1222 2818 1467 2864 imperatorem
1490 2830 1707 2865 prosequun-

245 2865 303 2897 tur
326 2861 386 2896 alii
409 2861 528 2897 itidem
552 2875 735 2909 proceres,
764 2877 873 2912 usque
894 2865 939 2900 ad
961 2876 1104 2911 gregum
1125 2865 1355 2910 logothetam,
1382 2865 1444 2910 qui
1467 2865 1572 2901 etiam
1597 2864 1707 2900 tricli-

1705 941 1750 977 10

1710 1288 1754 1324 15

1709 1629 1756 1664 20
