1820 3178
284 189 379 236 138
492 189 769 235 GRETSERI
788 188 863 233 ET
883 187 1057 234 GOARI
1080 187 1524 235 COMMENTARIUS

278 302 394 341 velit.
431 314 549 355 nempe
565 292 599 340 et
618 301 798 350 dominus,
818 300 1004 341 seeundum
1023 291 1190 338 hminem
1201 302 1340 352 primus
1353 299 1503 341 existam
1521 306 1555 341 et
1567 304 1743 342 maximus

277 354 456 407 sacerdos,
484 373 551 415 non
563 359 662 407 ideo,
684 361 768 410 quia
785 359 940 395 ministri
961 356 1119 395 habitum
1140 360 1173 395 et
1197 356 1426 398 ministen'um
1445 359 1551 411 pedes
1572 359 1744 399 abluendo

275 419 506 462 monstravit,
529 416 719 454 sacerdota·
732 414 895 480 consudet
911 414 1074 452 ordinem.
1112 417 1149 458 et
1166 414 1223 460 hic
1239 417 1355 464 igitur
1371 415 1549 466 sacerdos,
1579 418 1744 468 quoniam

274 473 452 524 inferioris
471 472 659 510 sacerdotii
674 472 813 521 gradus
832 474 870 508 in
887 484 922 507 se
935 473 1011 522 ipso
1025 471 1196 519 continet,
1224 475 1362 510 constat
1378 484 1467 523 quia
1477 473 1634 511 omnibus
1653 486 1743 524 quae

273 530 337 567 sub
353 543 388 567 se
407 533 487 567 sunt
501 530 658 578 legitime
679 532 808 589 utetur.
847 527 939 565 haec
963 526 1150 599 praeclare
1178 527 1337 579 Caleea,
1372 529 1476 598 apud
1505 541 1616 579 quem
1635 529 1743 591 plura

272 586 374 637 leges
384 614 398 638 ,
429 586 461 623 si
475 585 576 623 velis.
734 591 738 598 “

385 653 507 690 Addit
544 652 595 690 ad
631 655 835 690 extremum
880 650 1020 690 Citrius
1060 651 1197 690 iniuste
1242 639 1364 690 facere
1404 651 1487 690 illos
1534 653 1743 704 pontifice3‚

275 710 340 761 qui
386 709 675 747 hieromnemoni
705 708 916 746 testimonia
954 700 1000 746 de
1039 709 1117 747 vita
1148 712 1187 746 et
1222 709 1387 746 moribus
1423 707 1550 747 eor'um
1593 710 1656 759 qui
1692 711 1743 747 ad

273 780 400 805 sacros
421 768 569 804 ordines
585 766 791 816 adspirant
796 765 1026 802 discutienda
1039 769 1078 804 et
1092 765 1335 804 examinanda
1351 766 1527 824 tradunt:
1561 765 1634 833 hoc
1646 767 1744 804 enim

276 825 464 877 pertinere
485 825 534 861 ad
555 823 717 862 officium
737 814 1043 872 chartophylacis.

392 891 560 940 Codinus
588 890 680 928 haec
710 889 783 927 tria
822 889 1111 928 hieromnemoni
1148 872 1303 942 tribuit,
1332 888 1490 942 βλέπειν
1516 905 1588 937 τας
1625 885 1744 942 εὕχᾶς

278 945 452 989 ὄπισθεν
468 950 542 988 τοῦ
569 942 801 1006 doxteoe‘oeg?
829 946 945 984 videre
979 950 1086 996 vota,
1124 943 1197 984 hoc
1217 950 1276 984 est
1304 946 1509 1011 suffragia,
1535 951 1574 987 in
1601 947 1744 985 electio-

276 1006 401 1052 nibus,
435 1018 524 1055 pone
556 1003 765 1041 sacerdotem
809 1015 1000 1051 summum,
1044 1001 1102 1041 vel
1139 1016 1162 1040 a
1202 1007 1311 1053 tergo
1348 1003 1482 1040 summi
1526 1003 1745 1069 sacerdot-is,

276 1062 349 1099 hoc
376 1064 435 1098 est
463 1060 711 1112 patriarchae3
740 1059 876 1097 deinde
912 1063 1070 1110 κρατεῖν
1097 1074 1168 1099 τον
1192 1055 1510 1112 ἐνθρονιασμόν,
1539 1060 1661 1098 habere
1686 1062 1745 1098 ius

277 1117 475 1156 collocandi
494 1118 636 1156 electum
659 1119 697 1155 in
734 1117 859 1153 throno
888 1124 973 1166 seu,
1005 1119 1048 1154 ut
1078 1116 1192 1166 vulgo
1223 1115 1430 1166 loquimur,
1457 1115 1726 1154 inthronizandi
1731 1130 1744 1162 ,-

275 1176 388 1213 tertio
412 1177 571 1226 κρατεῖν
591 1172 658 1213 καὶ
682 1169 727 1212 τό
747 1168 961 1212 κοντάκιον
988 1175 1060 1224 τῆς
1088 1174 1354 1224 χειροτονίας,
1383 1173 1520 1210 habere
1549 1173 1661 1211 etiam
1687 1173 1745 1210 ius

273 1230 488 1282 auspicandi
506 1244 566 1268 seu
582 1229 732 1268 canendi
753 1232 949 1268 contactum
973 1232 1012 1267 in
1030 1229 1246 1267 ordinatione
1268 1233 1411 1272 cantari
1438 1234 1645 1267 consuetum.
1692 1229 1747 1267 ita

275 1289 426 1337 quidem
455 1287 607 1336 Iunius,
636 1286 717 1336 cui,
748 1286 850 1333 quod
877 1282 1091 1325 κοντάκιον
1117 1288 1295 1323 canticum
1322 1286 1589 1337 interpretatur
1619 1289 1659 1323 et
1686 1285 1746 1324 hic

274 1345 339 1383 fol.
361 1346 412 1384 10
432 1347 471 1381 et
487 1343 549 1381 fol.
574 1341 677 1392 114,
705 1342 877 1378 assentiri
898 1355 1050 1392 prorsus
1079 1355 1156 1379 non
1175 1354 1338 1392 possum.
1368 1345 1543 1382 canticum
1564 1343 1662 1380 enim
1678 1355 1746 1393 ge-
1786 1381 1789 1383 ,

274 1401 400 1440 'nerale
427 1403 506 1438 est:
538 1399 714 1448 quicquid
748 1398 845 1436 enim
871 1399 952 1437 cani
982 1402 1132 1449 potest,
1167 1399 1206 1435 id
1235 1399 1364 1447 utique
1391 1403 1492 1436 recte
1518 1400 1590 1437 dici
1618 1402 1747 1450 potest

275 1461 463 1497 canticam.
521 1460 561 1493 at
581 1451 794 1494 κοντοὶκιον
809 1458 867 1491 est
895 1456 1078 1505 peculiaie
1107 1455 1299 1502 quoddam
1324 1467 1467 1506 genus,
1495 1459 1538 1492 ut
1566 1459 1673 1507 patet
1700 1468 1746 1494 ex

277 1515 507 1552 Graecorum
525 1512 628 1550 libris
648 1511 862 1561 ritualibus,
886 1511 983 1548 sicut
1010 1515 1049 1549 et
1078 1512 1179 1562 apud
1207 1512 1360 1549 eosdem
1386 1512 1540 1563 εἱρμοί,
1572 1515 1745 1563 troparia,

277 1584 451 1618 canones,
482 1569 588 1616 odae,
622 1569 816 1614 theotocza,
845 1579 1024 1618 στιχηρα,
1059 1568 1308 1618 καθίσματα,
1334 1565 1558 1619 προσόμοια
1585 1572 1653 1607 etc.
1679 1581 1746 1620 pe-

277 1628 427 1667 culiaria
447 1626 630 1676 quaedam
657 1628 747 1661 sunt
767 1623 1002 1662 ecclesiastici
1025 1623 1118 1660 ritus
1137 1624 1404 1672 modulamina3
1435 1625 1748 1674 quemadmodum

278 1685 391 1722 etiam
411 1683 513 1734 apud
533 1681 688 1719 Latinos
713 1693 851 1731 versus,
881 1680 1069 1727 versiculi,
1107 1681 1342 1730 antiphonae,
1369 1654 1564 1731 graduale,
1597 1685 1747 1730 tractus,

277 1743 459 1792 sequentia
481 1743 519 1776 et
539 1738 670 1776 similia
687 1741 766 1774 tam
787 1737 826 1774 in
840 1737 964 1775 divino
983 1737 1117 1774 missae
1135 1737 1313 1776 sacrificio
1337 1750 1449 1787 quam
1467 1742 1572 1776 extra
1599 1738 1639 1776 in
1661 1750 1748 1789 pre-

279 1799 384 1836 cibus
411 1795 663 1834 ecclesiasticis
694 1795 842 1832 usitata.
881 1807 1002 1845 quare
1015 1806 1083 1847 per
1107 1794 1296 1849 generalia·
1313 1794 1494 1834 vocabula
1514 1795 1650 1833 idonee
1668 1806 1748 1833 non

278 1855 547 1907 exprimuntur.

394 1933 568 1970 Secundo
590 1932 827 1971 vehementer
854 1931 986 1970 dubito
1010 1943 1103 1970 num
1122 1928 1284 1983 βλέπειν
1310 1925 1428 1981 εὐχάς
1450 1929 1500 1967 sit
1525 1928 1616 1967 illud
1642 1929 1746 1978 quod

279 1989 361 2027 vult
389 1990 536 2026 lunius:
565 2002 652 2026 nam
682 1985 798 2039 εὐχάς
826 2001 896 2038 pro
924 1987 1114 2037 suffragiis
1136 1987 1252 2037 accipi
1284 1988 1385 2037 apud
1417 1986 1606 2036 Graecos,
1634 1986 1747 2023 etiam

279 2047 523 2095 recentiores,
552 2045 676 2082 nescio
704 2058 793 2082 num
810 2044 978 2094 exemplo
1002 2043 1128 2092 aliquo
1152 2043 1397 2080 demonstrari
1429 2050 1553 2092 queat.
1610 2041 1748 2080 Latine

281 2102 432 2152 quidem
449 2103 561 2151 vulgo
579 2101 776 2151 accipimus
796 2104 881 2138 vota
899 2114 968 2151 pro
995 2100 1203 2150 suffragiis:
1231 2100 1299 2137 sed
1326 2100 1450 2137 nescio
1481 2112 1571 2138 num
1592 2098 1746 2137 Graecis

280 2161 372 2198 haec
394 2159 498 2196 notio
521 2160 672 2208 recepta
698 2158 770 2206 sit3
797 2160 898 2194 certe
925 2156 985 2194 vix
1014 2157 1136 2194 credo.
1166 2161 1206 2194 et
1237 2156 1328 2221 quid
1360 2157 1513 2195 tandem
1543 2156 1636 2194 illud
1672 2159 1747 2208 est,

274 2230 365 2268 pone
389 2215 599 2253 sacerdotem
622 2218 708 2251 vota
730 2227 790 2251 seu
815 2213 997 2263 suffragia
1014 2213 1208 2264 inspicere?
1237 2214 1307 2250 nisi
1324 2214 1428 2250 istud
1447 2210 1617 2252 ὄπισθεν
1638 2225 1748 2250 usur-

280 2278 390 2325 petur
409 2286 478 2322 pro
495 2275 599 2335 post.⁹
625 2274 666 2306 ut
685 2283 816 2307 sensus
835 2270 907 2333 sit?
934 2274 1022 2320 post
1041 2267 1277 2320 pontificem
1268 2269 1401 2320 inspici
1419 2269 1620 2320 suffragia,
1650 2281 1746 2318 quae

281 2330 434 2368 Graecis
460 2331 498 2366 et
520 2328 591 2378 ipsi
625 2327 772 2364 Codino
802 2326 940 2376 passim
963 2328 1123 2377 ψῆφοι,
1160 2326 1207 2364 ab
1233 2327 1542 2364 hieromnemone.
1579 2337 1647 2363 nec
1678 2337 1746 2375 per

281 2383 403 2438 ευχάς
415 2384 571 2434 intelligi
590 2383 750 2420 arbitror
769 2382 838 2429 τὰς
853 2380 1054 2434 ἐγγραφας
1070 2386 1151 2422 τῶν
1171 2379 1403 2435 μαρτύρων,
1423 2383 1580 2433 scriptas
1595 2381 1746 2419 testium

280 2442 535 2493 depositiones
558 2441 606 2478 de
633 2440 710 2478 vita
743 2443 783 2476 et
805 2439 968 2476 moribus
998 2439 1306 2490 ordinandorum,
1339 2451 1495 2488 quarum
1522 2450 1675 2477 examen
1693 2437 1747 2474 ait

282 2500 423 2538 Citrius
457 2497 691 2535 commissum
723 2508 769 2533 ex
794 2495 977 2546 imperitia
1003 2494 1211 2543 aliquorum
1241 2496 1540 2534 hieromnemoni.
1595 2495 1636 2532 in
1664 2506 1746 2531 eam

282 2557 397 2605 initur
414 2554 638 2592 sententiam
655 2551 809 2591 inclino
838 2547 955 2601 εὐχάς
973 2552 1180 2600 significare
1205 2554 1307 2603 apud
1329 2552 1515 2590 Codinum
1533 2562 1660 2602 preces
1678 2562 1744 2588 seu

283 2612 534 2664 precationes,
562 2622 720 2659 eumque
740 2607 828 2646 nihil
845 2607 946 2644 aliud
969 2608 1062 2645 velle
1085 2620 1198 2657 quam
1213 2610 1549 2648 hieromnemonem
1566 2611 1746 2654 tanquam

283 2669 480 2706 diaconum
495 2667 660 2718 pontifici
688 2666 726 2703 in
753 2665 902 2714 liturgia
921 2676 1045 2701 sacras
1071 2677 1199 2715 preces
1224 2665 1403 2703 recitandi
1429 2676 1528 2714 pone
1556 2663 1743 2712 assistere,

283 2738 329 2763 eo
351 2725 464 2762 modo
484 2736 559 2771 quo
580 2724 691 2760 etiam
714 2722 815 2772 apud
834 2733 903 2759 nos
923 2720 1067 2757 diaconi
1085 2721 1266 2759 adsistere
1292 2720 1578 2759 sacrificantibus
1599 2722 1639 2756 et
1658 2730 1743 2770 pre-

283 2794 345 2821 ces
366 2793 459 2831 quas
473 2780 632 2818 recitant
651 2780 815 2831 aspicere
831 2781 871 2816 et
886 2776 974 2816 folia
992 2777 1123 2815 itidem
1143 2781 1287 2816 vertere
1300 2777 1434 2816 solent.

376 2873 412 2910 p.
423 2861 444 2898 5
455 2873 490 2899 v.
501 2861 532 2896 1.
556 2860 637 2903 Qua
652 2860 695 2896 de
718 2869 818 2894 causa
833 2869 898 2894 τον
911 2854 1052 2894 κώδικα
1068 2859 1132 2904 τῆς
1147 2854 1337 2904 ἐκκλησίας
1351 2866 1456 2905 penes
1471 2867 1509 2892 se
1519 2857 1624 2899 tenet,
1639 2852 1746 2902 patri·
